"timestamp","price","size","side","vix"
1441891800149167,193775,4,"A",2660
1441891800164632,193775,44,"B",2660
1441891800269386,193850,1,"B",2655
1441891800673219,193775,5,"A",2655
1441891800832501,193775,24,"B",2655
1441891801066573,193800,2,"A",2655
1441891801280380,193800,4,"A",2655
1441891801453910,193800,2,"A",2655
1441891801677730,193800,1,"B",2655
1441891801900609,193825,10,"A",2655
1441891801955973,193850,41,"A",2655
1441891802177662,193800,87,"B",2655
1441891802371634,193875,1,"A",2655
1441891802577600,193850,62,"B",2655
1441891802592025,193875,2,"A",2655
1441891803040558,193850,3,"A",2655
1441891803680133,193900,1,"B",2655
1441891804110947,193875,1,"B",2655
1441891804466428,193900,1,"B",2655
1441891804547081,193875,1,"A",2655
1441891804774299,193850,3,"A",2655
1441891804784238,193875,4,"A",2655
1441891805570615,193875,2,"B",2655
1441891805770751,193825,1,"B",2655
1441891805991076,193850,2,"A",2655
1441891806652177,193850,59,"A",2655
1441891806883503,193850,4,"A",2655
1441891807527907,193850,1,"A",2655
1441891807970873,193850,8,"A",2655
1441891808192192,193850,1,"A",2655
1441891808410541,193825,2,"B",2655
1441891808981847,193850,12,"B",2655
1441891809856501,193850,5,"B",2655
1441891809861837,193900,1,"A",2655
1441891810087437,193875,2,"B",2655
1441891811396002,193900,1,"A",2655
1441891811834049,193900,4,"A",2655
1441891812281440,193900,2,"A",2655
1441891813591177,193900,3,"B",2655
1441891814486395,193925,2,"B",2655
1441891814708693,193925,3,"B",2655
1441891815156370,193925,1,"A",2650
1441891815583540,193900,1,"B",2650
1441891815803540,193875,5,"B",2650
1441891816205464,193900,14,"A",2650
1441891816211095,193875,37,"B",2650
1441891817241472,193875,9,"B",2650
1441891817668141,193875,22,"A",2650
1441891817888208,193825,2,"B",2655
1441891818766778,193825,10,"A",2655
1441891818774584,193825,16,"A",2655
1441891819428013,193825,25,"B",2655
1441891819857281,193850,1,"A",2655
1441891820511805,193825,1,"A",2655
1441891820558771,193775,1,"B",2655
1441891821047844,193775,3,"B",2655
1441891821919037,193775,1,"B",2660
1441891822004597,193775,6,"A",2660
1441891823551045,193750,1,"B",2660
1441891823995669,193775,1,"A",2660
1441891824429421,193800,1,"A",2660
1441891825385468,193775,5,"A",2660
1441891825827379,193750,1,"B",2660
1441891826262852,193775,2,"A",2665
1441891827141764,193750,11,"A",2665
1441891827797871,193750,1,"A",2665
1441891828017868,193725,1,"B",2665
1441891828895321,193700,7,"B",2665
1441891829117684,193750,3,"A",2665
1441891829773684,193750,5,"B",2665
1441891830675515,193750,10,"A",2665
1441891831245481,193725,2,"B",2665
1441891831690130,193750,2,"A",2665
1441891831933595,193725,175,"B",2665
1441891832345436,193750,50,"B",2665
1441891833223018,193750,11,"B",2665
1441891833894980,193750,3,"B",2665
1441891835658274,193800,1,"A",2665
1441891835659460,193775,1,"B",2665
1441891836757522,193800,1,"A",2665
1441891837854418,193775,6,"B",2665
1441891837980036,193775,7,"A",2665
1441891837994511,193750,1,"A",2665
1441891838201461,193775,3,"A",2665
1441891838859102,193750,32,"B",2660
1441891839328173,193850,1,"A",2660
1441891839881936,193850,2,"A",2660
1441891840755117,193850,1,"A",2660
1441891841210318,193825,3,"B",2660
1441891841588199,193825,12,"A",2660
1441891841810740,193775,26,"A",2660
1441891842912474,193750,5,"A",2665
1441891843141503,193725,4,"B",2665
1441891843565001,193750,7,"B",2665
1441891843570506,193750,51,"B",2665
1441891844477966,193775,1,"A",2665
1441891845141575,193750,1,"B",2665
1441891845358761,193775,1,"A",2665
1441891845577812,193750,10,"A",2665
1441891846894241,193725,29,"B",2670
1441891847334113,193725,6,"A",2670
1441891847506638,193700,5,"B",2670
1441891847731679,193775,1,"A",2670
1441891848170774,193750,14,"A",2670
1441891848390899,193725,3,"A",2665
1441891849048642,193725,47,"A",2665
1441891849708528,193700,1,"B",2665
1441891850589671,193725,1,"B",2665
1441891851900490,193725,1,"A",2665
1441891852787745,193725,1,"A",2665
1441891853875652,193700,1,"A",2665
1441891854314391,193700,68,"A",2665
1441891854628431,193650,1,"B",2670
1441891854849503,193675,2,"B",2670
1441891856831052,193700,4,"A",2670
1441891857480337,193675,3,"B",2670
1441891858798001,193675,15,"B",2670
1441891859016606,193675,29,"B",2670
1441891860372390,193700,3,"B",2670
1441891861744783,193725,1,"B",2670
1441891863050943,193750,5,"A",2670
1441891863490366,193725,7,"A",2670
1441891863710503,193725,18,"B",2670
1441891864657059,193750,40,"A",2670
1441891865097860,193725,2,"B",2665
1441891865764045,193750,8,"B",2665
1441891866432609,193775,55,"A",2665
1441891866647912,193675,1,"B",2665
1441891866988808,193725,4,"B",2665
1441891867219917,193750,6,"A",2665
1441891867647267,193725,1,"B",2670
1441891868553622,193725,6,"A",2670
1441891868754333,193725,2,"A",2670
1441891869630018,193700,10,"B",2670
1441891870285782,193750,1,"B",2670
1441891871831377,193750,1,"A",2665
1441891873586125,193775,1,"B",2665
1441891874571003,193800,1,"A",2665
1441891875451193,193775,11,"A",2665
1441891876551011,193750,9,"A",2665
1441891877428402,193750,34,"B",2665
1441891878746347,193750,1,"B",2665
1441891881834723,193775,5,"B",2665
1441891882053783,193775,7,"B",2665
1441891883152294,193800,1,"B",2665
1441891883372941,193825,2,"A",2665
1441891884725578,193825,1,"B",2660
1441891885822768,193850,2,"A",2660
1441891886703555,193825,9,"B",2660
1441891888014613,193850,1,"A",2660
1441891889551420,193825,1,"B",2660
1441891889742210,193850,2,"A",2660
1441891889983799,193875,2,"B",2660
1441891890194576,193900,10,"A",2660
1441891891253231,193850,1,"B",2655
1441891892128154,193850,12,"B",2655
1441891893222307,193875,1,"A",2655
1441891893469210,193875,2,"B",2655
1441891894099856,193900,10,"A",2650
1441891894634949,193875,63,"A",2650
1441891895718399,193900,6,"A",2650
1441891896824772,193900,2,"A",2650
1441891897864926,193900,12,"A",2650
1441891898958319,193875,5,"B",2650
1441891899847181,193900,2,"A",2650
1441891901380206,193875,11,"A",2650
1441891902042590,193875,61,"B",2650
1441891903353845,193850,18,"B",2650
1441891905792835,193900,1,"A",2650
1441891907326450,193900,25,"A",2650
1441891907548234,193875,29,"B",2650
1441891908643443,193875,5,"B",2650
1441891909517145,193875,6,"B",2650
1441891910403536,193900,27,"A",2650
1441891912607898,193875,1,"B",2650
1441891914609880,193875,20,"B",2650
1441891915976173,193875,1,"A",2650
1441891916409597,193850,1,"A",2650
1441891917077088,193875,1,"A",2650
1441891918184597,193850,6,"B",2650
1441891919709684,193850,8,"A",2650
1441891920148923,193850,28,"A",2650
1441891920368301,193825,7,"B",2650
1441891920591506,193850,2,"A",2650
1441891921047436,193825,5,"A",2655
1441891922354072,193800,1,"B",2655
1441891923000508,193825,1,"B",2655
1441891923437747,193850,1,"A",2655
1441891924390680,193850,7,"A",2655
1441891925086521,193850,20,"B",2655
1441891925761925,193850,7,"B",2650
1441891925770456,193850,88,"B",2650
1441891927721870,193875,2,"A",2650
1441891929667284,193925,1,"B",2650
1441891929870019,193950,2,"A",2650
1441891929876516,193925,10,"A",2650
1441891930322013,193925,5,"B",2640
1441891930766001,193925,1,"B",2640
1441891930784203,193950,163,"B",2640
1441891931647215,193975,1,"A",2635
1441891933181289,193975,20,"A",2635
1441891933399792,194000,1,"A",2635
1441891933626403,194000,20,"A",2635
1441891934994022,193975,1,"B",2635
1441891935214548,193950,1,"B",2635
1441891938079686,193950,1,"B",2635
1441891940273735,193950,1,"A",2640
1441891940488211,193925,1,"A",2640
1441891940524426,193900,11,"B",2640
1441891940795329,193925,1,"B",2640
1441891941896543,193950,69,"B",2640
1441891942341419,193950,28,"B",2640
1441891942791495,193975,2,"A",2640
1441891942996162,193950,1,"B",2640
1441891943024815,193975,10,"A",2640
1441891943436064,193950,1,"B",2640
1441891943658308,193975,1,"A",2640
1441891943878478,193950,3,"B",2640
1441891944386747,193975,1,"B",2640
1441891945275417,193975,19,"B",2640
1441891945701228,194000,1,"A",2640
1441891946603764,193975,1,"B",2640
1441891948124339,194000,1,"B",2640
1441891948786362,194025,7,"A",2640
1441891949658039,194000,5,"B",2640
1441891950526634,194000,22,"B",2640
1441891951492676,194000,1,"B",2640
1441891952122964,194025,2,"A",2640
1441891952344615,194000,1,"B",2640
1441891953227941,194025,1,"A",2640
1441891953662969,194025,1,"A",2640
1441891954321288,194025,18,"A",2640
1441891955507690,194050,7,"B",2635
1441891955520426,194075,1,"A",2635
1441891955727912,194050,56,"A",2635
1441891955745215,194075,1,"A",2635
1441891955750350,194050,10,"A",2635
1441891956920844,194025,1,"B",2635
1441891956931238,194050,2,"A",2635
1441891958899523,194000,1,"B",2635
1441891959761733,194000,78,"B",2635
1441891959981420,194000,1,"B",2635
1441891959987979,194025,2,"A",2635
1441891961307299,194025,1,"A",2635
1441891962185092,194000,1,"B",2635
1441891963066398,194025,7,"B",2635
1441891963714979,194025,1,"A",2635
1441891964679625,194000,1,"A",2635
1441891964896811,193975,4,"B",2635
1441891964906032,194000,1,"A",2635
1441891965554649,194000,4,"B",2640
1441891965993374,194000,3,"B",2640
1441891966212475,194025,5,"A",2640
1441891967089257,194050,2,"A",2640
1441891967973575,194025,7,"B",2640
1441891969722512,194025,99,"B",2640
1441891969941250,194075,40,"A",2640
1441891969946410,194100,2,"A",2640
1441891970382767,194075,2,"B",2640
1441891970402382,194125,1,"A",2640
1441891970920251,194150,2,"A",2630
1441891971130980,194150,50,"A",2630
1441891971790042,194125,67,"A",2630
1441891972460367,194125,3,"B",2630
1441891972897964,194150,26,"B",2630
1441891973996448,194150,2,"A",2630
1441891974001510,194150,1,"A",2630
1441891974215433,194150,1,"A",2630
1441891974435293,194150,24,"B",2630
1441891975149436,194175,2,"A",2630
1441891975369680,194175,3,"A",2630
1441891975604000,194150,4,"A",2630
1441891976043669,194150,16,"B",2630
1441891976053012,194175,2,"A",2630
1441891976248549,194150,1,"B",2630
1441891977123446,194150,1,"A",2630
1441891977781311,194175,1,"A",2625
1441891977786701,194150,1,"B",2625
1441891978013506,194175,50,"A",2620
1441891979115660,194150,1,"A",2620
1441891979547255,194150,47,"B",2620
1441891980438850,194125,1,"A",2625
1441891981322477,194125,1,"A",2625
1441891981546269,194100,2,"A",2625
1441891981747566,194075,5,"B",2625
1441891982189688,194125,1,"A",2625
1441891982403110,194100,1,"B",2620
1441891982623051,194125,1,"A",2620
1441891983508535,194125,15,"A",2625
1441891983940166,194100,1,"B",2625
1441891984953137,194125,1,"A",2625
1441891985392371,194100,39,"A",2625
1441891985837560,194100,51,"B",2625
1441891986269162,194125,1,"A",2625
1441891987147099,194100,1,"B",2625
1441891987809073,194100,6,"B",2625
1441891988464267,194125,50,"A",2620
1441891988911459,194150,1,"A",2620
1441891989569199,194125,1,"B",2620
1441891989573609,194125,4,"B",2620
1441891990883016,194150,45,"B",2620
1441891991321216,194175,1,"A",2620
1441891991990250,194175,2,"A",2620
1441891992208801,194150,2,"B",2620
1441891993321063,194200,10,"A",2620
1441891994193193,194200,2,"B",2620
1441891994449575,194250,2,"A",2620
1441891994887578,194225,1,"B",2620
1441891995107759,194250,1,"A",2620
1441891995326896,194225,2,"A",2620
1441891995588303,194225,141,"A",2620
1441891996642972,194200,1,"A",2620
1441891997301630,194175,1,"B",2620
1441891998190622,194150,1,"B",2620
1441891999068250,194175,1,"B",2615
1441892001484392,194175,48,"A",2615
1441892002809369,194150,1,"A",2620
1441892003686155,194150,1,"A",2620
1441892004345122,194125,1,"B",2620
1441892004813850,194150,1,"A",2620
1441892004818846,194125,1,"B",2620
1441892005253247,194150,11,"B",2620
1441892006578782,194175,2,"A",2620
1441892007674723,194175,3,"A",2620
1441892008991732,194200,1,"A",2620
1441892009443876,194175,5,"B",2620
1441892009879351,194200,22,"B",2620
1441892010756907,194200,5,"B",2620
1441892011520303,194200,1,"B",2620
1441892011953755,194225,2,"B",2620
1441892012645450,194250,2,"A",2615
1441892012831056,194250,6,"A",2615
1441892013051177,194225,1,"A",2615
1441892013936537,194200,4,"B",2615
1441892015077060,194200,1,"B",2615
1441892015749154,194225,14,"B",2615
1441892017261192,194200,1,"B",2615
1441892017923357,194200,2,"B",2615
1441892019015820,194225,20,"B",2615
1441892019022838,194225,47,"B",2615
1441892019234386,194250,4,"A",2615
1441892020206738,194250,112,"A",2615
1441892020645521,194225,3,"B",2615
1441892021087832,194225,1,"B",2615
1441892021956134,194250,2,"A",2615
1441892023047958,194250,13,"B",2615
1441892024148101,194225,1,"B",2615
1441892025760240,194275,1,"B",2615
1441892025768121,194300,1,"A",2615
1441892026509356,194275,1,"B",2610
1441892027177871,194300,2,"A",2610
1441892028048417,194300,4,"A",2610
1441892028485585,194300,48,"A",2610
1441892029378900,194300,12,"A",2610
1441892030469729,194300,11,"A",2610
1441892031119676,194300,32,"A",2610
1441892031996346,194275,2,"B",2610
1441892032874302,194275,1,"A",2610
1441892033324015,194250,1,"B",2610
1441892034477600,194225,4,"B",2615
1441892035148637,194200,1,"B",2615
1441892036235811,194200,12,"B",2615
1441892036264355,194225,16,"B",2615
1441892037780179,194225,22,"A",2615
1441892038438254,194225,40,"B",2615
1441892038449600,194250,1,"A",2615
1441892039538828,194225,1,"A",2615
1441892040819074,194225,61,"A",2620
1441892041476731,194250,1,"B",2615
1441892041936929,194275,3,"B",2615
1441892043248037,194250,1,"B",2615
1441892043461649,194275,1,"A",2615
1441892043900547,194275,4,"A",2615
1441892044949700,194225,2,"A",2615
1441892045825356,194225,148,"A",2615
1441892047579373,194200,1,"B",2615
1441892047799574,194225,2,"A",2615
1441892048244203,194200,1,"B",2615
1441892048898068,194175,2,"B",2620
1441892049789777,194200,10,"A",2620
1441892051532427,194200,27,"B",2620
1441892051540670,194200,36,"A",2620
1441892051761579,194225,1,"A",2620
1441892052409829,194200,12,"B",2620
1441892053290785,194200,3,"B",2620
1441892053948483,194225,9,"A",2620
1441892056636194,194200,25,"A",2620
1441892056862393,194175,1,"B",2620
1441892057604921,194225,21,"A",2620
1441892058690158,194175,2,"B",2620
1441892059878640,194200,11,"A",2620
1441892061638893,194200,3,"B",2620
1441892062741597,194225,5,"A",2620
1441892064287066,194225,5,"B",2620
1441892065258820,194225,28,"A",2620
1441892066580712,194200,1,"B",2620
1441892067017439,194225,1,"A",2620
1441892067897951,194225,3,"A",2620
1441892069001952,194200,5,"B",2620
1441892070553071,194200,1,"A",2620
1441892071736032,194175,20,"B",2620
1441892073051039,194175,3,"B",2620
1441892073054244,194200,53,"B",2620
1441892074367382,194200,1,"B",2620
1441892075722683,194200,4,"A",2620
1441892077261065,194225,2,"B",2620
1441892077276804,194200,1,"B",2620
1441892077925211,194225,1,"B",2620
1441892078795584,194225,28,"A",2620
1441892080549947,194200,1,"B",2620
1441892081654398,194125,1,"B",2620
1441892082828438,194150,1,"A",2625
1441892083494924,194150,4,"B",2625
1441892084383764,194150,48,"A",2625
1441892085763374,194125,5,"B",2625
1441892085977696,194150,16,"A",2625
1441892086864387,194125,1,"B",2625
1441892087082732,194150,1,"A",2625
1441892087302373,194125,1,"B",2625
1441892089061458,194125,5,"B",2625
1441892091028637,194100,5,"B",2625
1441892091916471,194100,34,"B",2625
1441892092152676,194075,2,"B",2625
1441892092347910,194075,1,"B",2625
1441892092569611,194100,6,"B",2625
1441892092788329,194100,1,"A",2625
1441892093444752,194075,1,"B",2625
1441892093664633,194075,13,"B",2625
1441892094544204,194100,50,"B",2625
1441892095009935,194100,1,"B",2625
1441892095896491,194100,4,"A",2625
1441892095973487,194050,3,"B",2625
1441892096209444,194050,1,"A",2625
1441892096412628,194075,2,"A",2625
1441892097070292,194050,1,"B",2625
1441892097300270,194050,9,"B",2625
1441892098166911,194050,1,"B",2625
1441892098825996,194050,8,"A",2625
1441892099044542,194025,1,"B",2625
1441892099280609,194075,1,"A",2625
1441892099715003,194075,3,"A",2625
1441892099938335,194050,20,"B",2625
1441892100154601,194000,1,"B",2625
1441892100372185,194025,1,"A",2625
1441892100380826,194000,1,"B",2625
1441892100599344,194025,1,"A",2625
1441892100816845,194000,7,"B",2630
1441892101042511,194025,44,"B",2630
1441892101701823,194025,78,"B",2630
1441892102141647,194025,12,"A",2630
1441892102353474,194025,11,"A",2630
1441892102573350,194025,48,"A",2630
1441892102792233,194050,2,"A",2630
1441892103670674,194025,3,"B",2630
1441892103681741,194075,2,"A",2630
1441892104328720,194050,6,"B",2630
1441892105225760,194050,8,"B",2630
1441892105897343,194075,9,"B",2630
1441892106333661,194100,4,"A",2630
1441892106556523,194075,2,"B",2630
1441892107210485,194100,1,"A",2630
1441892107869169,194075,1,"B",2630
1441892108096781,194100,1,"A",2630
1441892108307399,194100,2,"B",2630
1441892109406340,194125,2,"A",2625
1441892109629213,194125,12,"B",2625
1441892111604565,194125,1,"A",2625
1441892111609404,194100,1,"B",2625
1441892111830673,194100,1,"B",2625
1441892112481520,194150,1,"A",2625
1441892114447768,194125,3,"A",2625
1441892115824366,194125,2,"B",2625
1441892116040782,194125,20,"B",2625
1441892116918598,194125,3,"B",2625
1441892118015234,194150,2,"A",2625
1441892118234669,194125,1,"B",2625
1441892119112827,194125,1,"B",2625
1441892119989893,194150,15,"B",2625
1441892120428802,194150,26,"A",2625
1441892121526917,194125,26,"A",2625
1441892122407485,194125,3,"A",2625
1441892123286928,194100,10,"B",2625
1441892124167230,194100,1,"B",2625
1441892125094828,194100,2,"A",2625
1441892126190435,194100,5,"B",2625
1441892127070780,194125,1,"A",2625
1441892129723339,194100,17,"A",2625
1441892131027608,194100,1,"B",2625
1441892131029277,194125,5,"A",2625
1441892132578975,194100,33,"A",2625
1441892133239193,194075,10,"B",2625
1441892134547795,194075,1,"B",2625
1441892135020004,194075,10,"B",2625
1441892135698331,194075,57,"B",2625
1441892135917659,194075,76,"A",2625
1441892137496478,194075,1,"A",2625
1441892139952572,194075,1,"B",2625
1441892142161747,194075,2,"A",2625
1441892142602678,194050,25,"B",2625
1441892143917596,194050,2,"B",2625
1441892144646807,194075,42,"B",2625
1441892146567387,194125,1,"B",2625
1441892147878088,194150,1,"B",2620
1441892148097563,194175,1,"A",2620
1441892148315850,194175,96,"A",2620
1441892149057059,194150,100,"B",2620
1441892150834469,194125,1,"A",2620
1441892151704297,194100,1,"B",2620
1441892152580937,194125,1,"A",2620
1441892154041144,194100,2,"B",2620
1441892154059343,194100,10,"B",2620
1441892155182430,194100,1,"A",2620
1441892155840046,194100,5,"A",2620
1441892156725357,194075,22,"A",2620
1441892158704609,194050,1,"A",2620
1441892160233836,194025,1,"B",2620
1441892160897548,194075,1,"A",2620
1441892162658361,194050,1,"B",2620
1441892162874177,194025,1,"A",2620
1441892162900367,194000,1,"B",2620
1441892163751313,194025,2,"B",2630
1441892163978078,194050,29,"A",2630
1441892165562477,194025,1,"A",2630
1441892165795597,194025,2,"A",2630
1441892166214019,194000,42,"B",2635
1441892167090178,194000,1,"B",2635
1441892167978942,194000,2,"B",2635
1441892168418056,194000,7,"A",2640
1441892169296777,193975,10,"B",2640
1441892169528462,193950,7,"B",2640
1441892169954902,193975,1,"A",2640
1441892171280419,193925,5,"B",2640
1441892173474184,193950,1,"B",2640
1441892173700029,193975,1,"A",2640
1441892173919056,193950,1,"A",2640
1441892174829679,193975,4,"A",2640
1441892175702037,193950,5,"A",2640
1441892175711320,193925,1,"B",2640
1441892176601254,193900,1,"A",2640
1441892176797122,193875,1,"B",2640
1441892177017633,193875,11,"B",2640
1441892177241143,193900,2,"B",2640
1441892177456723,193900,5,"B",2640
1441892177896880,193900,1,"A",2640
1441892178117232,193900,2,"A",2640
1441892179221650,193875,1,"B",2640
1441892180093602,193875,9,"A",2640
1441892180533121,193875,30,"A",2640
1441892180550319,193850,32,"B",2640
1441892181637163,193850,1,"B",2645
1441892182296725,193850,3,"B",2645
1441892182516528,193850,20,"B",2645
1441892183172971,193825,3,"B",2645
1441892184489041,193850,1,"A",2645
1441892185840667,193825,1,"A",2645
1441892186147768,193800,6,"B",2645
1441892186363810,193825,1,"A",2645
1441892187018925,193800,1,"B",2650
1441892187259283,193825,2,"B",2650
1441892188346274,193825,7,"A",2650
1441892189229745,193825,4,"A",2650
1441892190106137,193850,1,"A",2650
1441892190549416,193850,2,"A",2650
1441892190559208,193825,6,"B",2650
1441892190760922,193825,1,"B",2650
1441892190982280,193825,1,"B",2650
1441892191931087,193825,10,"B",2650
1441892194560113,193775,2,"B",2650
1441892195313627,193800,2,"A",2650
1441892195971921,193775,4,"B",2650
1441892196414777,193800,5,"A",2650
1441892197743498,193800,35,"A",2650
1441892198176021,193800,1,"A",2650
1441892198393735,193800,2,"A",2650
1441892198832426,193800,3,"A",2650
1441892199277342,193750,1,"B",2650
1441892199710562,193775,5,"A",2650
1441892199930100,193800,1,"A",2650
1441892200378876,193775,1,"B",2650
1441892200818161,193775,1,"B",2650
1441892201917642,193825,1,"A",2650
1441892202143812,193800,1,"B",2650
1441892203015976,193800,1,"B",2650
1441892203901659,193825,4,"B",2650
1441892204829265,193825,85,"A",2650
1441892205052923,193825,1,"A",2650
1441892205269268,193800,1,"B",2650
1441892205488804,193825,1,"A",2650
1441892206148121,193825,12,"A",2650
1441892207248208,193825,6,"B",2645
1441892207474725,193875,1,"A",2645
1441892208355050,193850,2,"B",2645
1441892208780758,193850,108,"A",2645
1441892209015337,193850,15,"A",2645
1441892210109356,193825,1,"B",2645
1441892211205022,193825,2,"B",2645
1441892212091923,193850,2,"B",2645
1441892212968622,193875,2,"A",2645
1441892213184945,193875,69,"A",2645
1441892214282442,193850,39,"A",2645
1441892215000135,193825,7,"B",2645
1441892216308852,193800,1,"B",2645
1441892216964797,193825,17,"A",2645
1441892217404337,193825,1,"A",2645
1441892218062074,193800,1,"B",2645
1441892218949304,193825,1,"A",2645
1441892220484460,193850,1,"A",2645
1441892220703847,193825,1,"B",2645
1441892221097143,193850,1,"A",2645
1441892221124012,193825,1,"A",2645
1441892222215142,193825,4,"A",2645
1441892223745728,193800,2,"B",2645
1441892224702859,193825,2,"A",2645
1441892225801911,193800,1,"B",2645
1441892225809953,193800,66,"B",2645
1441892226920561,193775,1,"B",2645
1441892227345009,193800,1,"A",2645
1441892228223789,193750,1,"B",2645
1441892228233809,193775,8,"B",2645
1441892229554518,193800,2,"B",2645
1441892231749402,193800,2,"B",2645
1441892232851715,193800,17,"A",2645
1441892234419718,193800,1,"B",2645
1441892235966237,193775,1,"A",2645
1441892236832535,193750,4,"B",2645
1441892237510861,193750,1,"A",2645
1441892238170805,193700,1,"B",2650
1441892238835408,193725,2,"A",2655
1441892239485752,193700,1,"B",2655
1441892240365920,193700,46,"B",2655
1441892240586334,193725,95,"A",2655
1441892241272294,193725,37,"B",2650
1441892241488629,193725,2,"A",2650
1441892241932589,193725,13,"A",2650
1441892243898019,193725,4,"B",2650
1441892244792890,193750,40,"A",2650
1441892245669561,193725,1,"B",2650
1441892246766956,193750,2,"A",2650
1441892246780565,193725,39,"A",2650
1441892248310227,193700,6,"A",2650
1441892248744791,193700,50,"A",2650
1441892249621984,193700,2,"A",2650
1441892250500246,193700,10,"B",2650
1441892251698424,193750,11,"A",2650
1441892253014008,193725,7,"B",2650
1441892253685951,193775,28,"B",2650
1441892255049515,193800,1,"A",2645
1441892255489417,193775,1,"B",2645
1441892255928187,193775,40,"B",2645
1441892258132946,193775,1,"B",2645
1441892258570306,193800,1,"A",2645
1441892259668328,193775,4,"A",2650
1441892260810556,193775,52,"A",2650
1441892263011500,193775,8,"B",2650
1441892264111566,193825,1,"A",2650
1441892264857312,193825,2,"A",2650
1441892265742010,193850,1,"B",2645
1441892265955984,193875,4,"A",2645
1441892267053944,193900,4,"A",2645
1441892267276716,193900,4,"A",2645
1441892267492401,193825,1,"B",2645
1441892267947592,193875,1,"A",2645
1441892268162928,193850,7,"B",2645
1441892269040697,193875,2,"A",2645
1441892271015297,193875,1,"B",2645
1441892271901692,193900,1,"A",2640
1441892271903240,193875,7,"B",2640
1441892273221420,193875,1,"A",2640
1441892273446012,193850,1,"B",2640
1441892274318932,193875,5,"A",2640
1441892275719431,193850,1,"A",2640
1441892275937595,193825,4,"B",2640
1441892276380542,193850,1,"A",2640
1441892276815003,193875,1,"A",2645
1441892276823988,193875,2,"A",2645
1441892277264484,193850,2,"A",2645
1441892278133090,193825,5,"A",2645
1441892278153638,193800,1,"B",2645
1441892279009398,193825,1,"B",2645
1441892279893520,193825,4,"B",2645
1441892281203656,193850,2,"A",2645
1441892282080367,193850,46,"A",2645
1441892283840869,193875,2,"B",2645
1441892284749233,193875,10,"B",2640
1441892285846254,193875,1,"B",2640
1441892285855237,193875,6,"B",2640
1441892286958766,193900,38,"B",2640
1441892287390348,193925,1,"A",2640
1441892288487353,193900,45,"A",2640
1441892289803501,193925,1,"A",2640
1441892290470595,193900,1,"B",2640
1441892291568292,193900,4,"B",2640
1441892293111387,193950,2,"A",2640
1441892293549777,193975,2,"A",2640
1441892294214022,193950,1,"B",2635
1441892295126026,193975,9,"B",2635
1441892295564657,194025,4,"A",2635
1441892296452414,194000,10,"B",2635
1441892296892171,194025,1,"A",2635
1441892297550594,194000,1,"B",2635
1441892297989002,194025,1,"A",2635
1441892298647679,194000,1,"B",2635
1441892299089444,194025,1,"A",2635
1441892300186915,194000,20,"B",2635
1441892301065633,194000,71,"B",2635
1441892301286651,194050,1,"A",2635
1441892301741966,194075,1,"A",2635
1441892302607797,194075,3,"A",2635
1441892304154786,194125,2,"A",2620
1441892304624532,194100,1,"B",2620
1441892304839049,194125,6,"B",2620
1441892305497471,194125,11,"A",2620
1441892305942103,194075,2,"B",2620
1441892306814443,194100,2,"B",2620
1441892307262647,194100,1,"B",2620
1441892307482626,194125,1,"A",2620
1441892307704953,194100,1,"B",2620
1441892309470888,194100,5,"A",2620
1441892310249677,194075,1,"A",2625
1441892310438882,194100,140,"A",2625
1441892310471550,194100,35,"A",2625
1441892310882992,194125,50,"A",2625
1441892311482619,194125,2,"A",2625
1441892311931831,194125,44,"A",2625
1441892313247914,194125,23,"B",2625
1441892313677324,194150,24,"A",2625
1441892313902288,194150,5,"A",2625
1441892314339672,194200,1,"A",2620
1441892314646949,194175,4,"A",2620
1441892315961355,194200,2,"A",2615
1441892316980375,194150,1,"A",2615
1441892318042463,194100,1,"B",2625
1441892318265514,194125,8,"B",2625
1441892318569309,194100,1,"B",2625
1441892318785789,194125,2,"A",2625
1441892319665761,194125,13,"B",2620
1441892320075107,194150,52,"A",2620
1441892320078813,194100,157,"B",2620
1441892320950395,194100,173,"B",2620
1441892321184827,194125,1,"A",2620
1441892321389483,194100,16,"B",2620
1441892321828440,194125,50,"B",2620
1441892322284985,194125,59,"B",2620
1441892322493413,194150,1,"A",2620
1441892322706103,194125,1,"B",2620
1441892322712868,194150,1,"A",2620
1441892322926356,194075,139,"A",2620
1441892324473261,194100,1,"A",2620
1441892325229296,194075,1,"A",2620
1441892325448313,194050,1,"B",2620
1441892325667203,194075,27,"A",2620
1441892326772024,194075,24,"B",2620
1441892327208529,194075,30,"B",2620
1441892327626729,194150,2,"A",2620
1441892329381319,194125,1,"A",2620
1441892329816044,194100,1,"B",2620
1441892330039387,194125,1,"A",2620
1441892330921542,194125,2,"A",2620
1441892332686950,194150,8,"A",2620
1441892335162557,194125,8,"A",2620
1441892335817625,194100,1,"B",2620
1441892337376048,194125,6,"A",2620
1441892339571606,194100,1,"B",2620
1441892340671481,194150,1,"A",2620
1441892341338905,194175,1,"A",2620
1441892342436102,194175,2,"B",2615
1441892342575775,194200,1,"B",2615
1441892342990907,194225,1,"A",2615
1441892343207645,194225,55,"A",2615
1441892345861320,194225,25,"B",2610
1441892345869863,194250,2,"A",2610
1441892346299525,194250,1,"A",2610
1441892346737896,194250,2,"A",2610
1441892346972808,194225,71,"B",2610
1441892348056438,194225,5,"A",2610
1441892349810038,194250,2,"A",2610
1441892350039244,194225,1,"B",2610
1441892350468705,194250,1,"A",2610
1441892351364913,194250,147,"A",2610
1441892352225329,194225,1,"B",2610
1441892352446003,194250,1,"A",2610
1441892354418990,194225,7,"A",2610
1441892356007328,194200,5,"A",2610
1441892357104464,194200,55,"B",2610
1441892358201825,194225,2,"A",2610
1441892358988759,194225,1,"A",2610
1441892360772721,194225,5,"A",2610
1441892360977445,194200,3,"B",2610
1441892361414926,194225,4,"B",2610
1441892362511503,194275,6,"A",2610
1441892362518768,194250,9,"B",2610
1441892362738696,194275,29,"A",2610
1441892363326784,194300,7,"A",2610
1441892363540806,194275,1,"B",2610
1441892365175851,194275,7,"A",2610
1441892365394866,194250,1,"B",2610
1441892366491323,194275,4,"A",2610
1441892367588703,194250,1,"A",2610
1441892368042948,194225,8,"A",2610
1441892369136586,194225,1,"A",2615
1441892371259622,194225,41,"B",2615
1441892372361373,194250,1,"A",2615
1441892372581594,194225,1,"B",2615
1441892373897139,194275,3,"B",2610
1441892374335656,194275,89,"B",2610
1441892374348769,194275,1,"B",2610
1441892374555373,194300,1,"A",2610
1441892374963770,194275,2,"A",2610
1441892375406148,194250,1,"B",2610
1441892375620802,194275,3,"A",2610
1441892376060121,194275,29,"B",2610
1441892376717540,194300,10,"A",2610
1441892377815774,194325,1,"A",2610
1441892378039628,194325,105,"A",2610
1441892378255403,194250,2,"A",2615
1441892379133536,194275,2,"B",2615
1441892379792478,194300,2,"B",2615
1441892380889391,194325,15,"A",2610
1441892381328556,194300,3,"B",2610
1441892382427752,194325,1,"A",2610
1441892383093498,194300,7,"B",2610
1441892384404131,194300,1,"A",2610
1441892385579194,194300,34,"A",2610
1441892386448848,194300,52,"A",2610
1441892387766861,194250,62,"B",2610
1441892389082751,194250,5,"A",2615
1441892389746532,194225,5,"B",2615
1441892390410471,194250,1,"A",2615
1441892391508827,194225,1,"B",2615
1441892392609942,194200,1,"B",2615
1441892394145372,194225,2,"B",2615
1441892395073573,194250,1,"A",2615
1441892395231919,194250,5,"A",2615
1441892395672860,194275,1,"A",2615
1441892398329740,194275,2,"B",2615
1441892399041114,194300,10,"A",2615
1441892399922713,194275,1,"A",2615
1441892400147128,194275,29,"A",2615
1441892400156299,194275,1,"A",2615
1441892400593624,194275,2,"A",2615
1441892401683006,194250,4,"B",2615
1441892401696870,194275,24,"A",2615
1441892403218076,194275,37,"A",2615
1441892404106034,194275,3,"B",2615
1441892404864596,194300,1,"B",2610
1441892405303411,194300,11,"A",2610
1441892405743040,194325,1,"A",2610
1441892405972719,194300,4,"A",2610
1441892406399911,194325,1,"A",2610
1441892407074456,194300,3,"A",2610
1441892407936651,194325,2,"A",2605
1441892409033149,194325,1,"A",2605
1441892409478568,194350,1,"A",2605
1441892410349342,194325,1,"B",2605
1441892411005782,194350,2,"A",2605
1441892411890504,194325,5,"A",2605
1441892412765016,194350,1,"A",2605
1441892413218744,194350,8,"B",2605
1441892413641732,194350,2,"B",2605
1441892414083224,194350,1,"B",2605
1441892414303443,194375,1,"A",2605
1441892414522174,194375,2,"A",2605
1441892415234544,194375,6,"A",2600
1441892415893463,194325,1,"B",2600
1441892416116033,194350,1,"A",2600
1441892416331713,194325,1,"B",2600
1441892417215308,194350,1,"A",2600
1441892418097172,194350,3,"B",2600
1441892418526792,194350,1,"B",2600
1441892419623999,194375,1,"A",2600
1441892421159916,194375,2,"A",2595
1441892421605365,194375,4,"A",2595
1441892422258413,194350,1,"B",2600
1441892422699332,194350,3,"B",2600
1441892423796458,194350,69,"A",2600
1441892424944451,194325,2,"B",2600
1441892425130670,194350,3,"A",2600
1441892425791658,194350,47,"A",2600
1441892426754121,194300,1,"B",2600
1441892426973515,194300,8,"B",2600
1441892426993619,194325,5,"B",2600
1441892428743022,194325,7,"B",2600
1441892429615717,194350,1,"B",2600
1441892430047311,194325,1,"A",2600
1441892430484769,194350,56,"A",2600
1441892430495173,194325,1,"B",2600
1441892431482780,194325,3,"B",2600
1441892431920809,194350,2,"B",2600
1441892432808397,194325,2,"B",2600
1441892433032226,194325,4,"B",2600
1441892434665514,194300,2,"A",2600
1441892434885115,194275,2,"B",2600
1441892435322996,194300,4,"A",2600
1441892435991063,194300,1,"B",2605
1441892437746890,194300,15,"A",2605
1441892439286123,194250,1,"B",2605
1441892443019853,194275,28,"A",2605
1441892443903686,194275,5,"A",2605
1441892444566287,194275,2,"A",2605
1441892445461537,194225,23,"B",2610
1441892447011995,194200,1,"B",2610
1441892447439772,194225,86,"A",2610
1441892448314429,194175,1,"A",2615
1441892448536039,194150,1,"B",2615
1441892448552552,194150,38,"B",2615
1441892448973062,194150,1,"B",2615
1441892449202581,194175,24,"B",2615
1441892450070608,194150,1,"B",2615
1441892450519739,194125,1,"B",2615
1441892450739554,194125,5,"B",2620
1441892451844186,194150,7,"B",2620
1441892452931679,194200,1,"A",2620
1441892453596943,194175,1,"A",2620
1441892454509862,194200,1,"B",2620
1441892454728437,194225,2,"A",2615
1441892455614494,194200,1,"B",2615
1441892455822694,194225,3,"A",2615
1441892456709250,194200,1,"B",2615
1441892459121304,194250,16,"A",2615
1441892459641123,194350,1,"A",2615
1441892460101162,194375,1,"A",2605
1441892460767126,194375,2,"A",2605
1441892461632821,194400,1,"A",2605
1441892461844763,194425,18,"A",2605
1441892462942319,194425,1,"A",2600
1441892462966985,194425,17,"B",2600
1441892463690817,194425,26,"B",2600
1441892464361013,194400,1,"B",2600
1441892465989067,194425,8,"A",2600
1441892466204455,194425,6,"A",2600
1441892466422367,194425,100,"A",2600
1441892466877618,194425,2,"A",2600
1441892467752565,194425,6,"A",2600
1441892467884429,194425,109,"A",2600
1441892468074906,194450,30,"B",2600
1441892469078997,194450,4,"A",2600
1441892469967372,194400,21,"B",2600
1441892470483120,194425,2,"B",2600
1441892471164179,194425,1,"B",2600
1441892471599640,194425,1,"B",2600
1441892471820112,194425,3,"B",2600
1441892472258477,194450,4,"B",2600
1441892473360542,194425,1,"B",2600
1441892473579404,194450,1,"A",2595
1441892473585629,194425,1,"B",2595
1441892474696303,194400,63,"A",2600
1441892475135039,194425,1,"A",2600
1441892476009627,194425,4,"B",2600
1441892477101079,194450,1,"A",2600
1441892477976104,194425,2,"B",2600
1441892478196183,194450,1,"A",2600
1441892478200905,194450,3,"A",2600
1441892478416422,194425,5,"A",2600
1441892479557730,194450,1,"A",2600
1441892479734347,194425,1,"B",2600
1441892480172251,194450,1,"A",2600
1441892481715983,194450,1,"A",2595
1441892483034061,194450,1,"B",2595
1441892483252618,194450,8,"B",2595
1441892483527338,194525,1,"B",2595
1441892483749984,194550,1,"A",2590
1441892484192587,194550,3,"A",2590
1441892484658726,194525,1,"B",2585
1441892485755805,194575,1,"B",2585
1441892485973969,194600,1,"A",2585
1441892486861268,194575,3,"A",2585
1441892487303515,194575,7,"B",2585
1441892487741682,194575,2,"A",2585
1441892487957785,194575,2,"A",2585
1441892488616902,194575,1,"A",2585
1441892490402736,194525,1,"A",2590
1441892490611422,194550,10,"A",2590
1441892490830918,194525,5,"B",2590
1441892491271632,194500,1,"B",2590
1441892491700371,194500,1,"B",2590
1441892492144072,194550,1,"A",2590
1441892492363540,194525,1,"B",2590
1441892493026563,194525,1,"A",2590
1441892493469361,194525,9,"A",2595
1441892493474526,194525,18,"A",2595
1441892494863625,194525,2,"B",2595
1441892495311648,194550,8,"B",2595
1441892495543930,194575,1,"A",2595
1441892495974732,194575,6,"A",2595
1441892496637224,194550,1,"B",2595
1441892496847089,194575,1,"A",2595
1441892497509787,194550,5,"B",2595
1441892498609899,194575,1,"B",2585
1441892499052721,194600,2,"A",2585
1441892499275659,194575,1,"B",2585
1441892499937534,194575,1,"B",2585
1441892500367082,194600,1,"A",2585
1441892500586036,194550,1,"B",2585
1441892500592380,194575,2,"A",2585
1441892500594421,194550,5,"B",2585
1441892500826064,194600,1,"A",2585
1441892501927653,194600,18,"A",2585
1441892502346848,194600,1,"A",2585
1441892503040191,194625,1,"A",2585
1441892503241240,194625,1,"A",2585
1441892503683667,194600,3,"A",2585
1441892503903325,194575,3,"A",2590
1441892505469149,194600,3,"A",2590
1441892505690722,194600,6,"A",2590
1441892506567187,194600,10,"B",2590
1441892507005554,194575,1,"B",2590
1441892507020520,194550,1,"B",2590
1441892507413381,194600,1,"A",2590
1441892507868052,194525,1,"B",2590
1441892508294498,194550,5,"A",2595
1441892508731556,194525,4,"B",2595
1441892509619761,194525,14,"B",2595
1441892510504709,194500,1,"B",2595
1441892510708376,194550,1,"A",2595
1441892510925878,194525,1,"B",2595
1441892511591551,194525,1,"B",2595
1441892513344688,194550,2,"B",2595
1441892514011787,194550,1,"B",2595
1441892514953643,194550,2,"B",2595
1441892515841927,194550,27,"A",2595
1441892516050291,194500,1,"B",2595
1441892516491151,194525,1,"B",2595
1441892517588176,194525,2,"B",2595
1441892518028165,194550,2,"A",2595
1441892518908179,194525,4,"B",2595
1441892520448535,194500,1,"B",2595
1441892520474794,194525,2,"A",2595
1441892520477200,194500,5,"B",2595
1441892521557056,194525,7,"B",2595
1441892524410235,194575,1,"B",2595
1441892525561435,194550,1,"B",2595
1441892525995720,194575,1,"A",2595
1441892526450846,194575,2,"A",2595
1441892526884295,194550,24,"A",2595
1441892527759005,194550,5,"A",2595
1441892528871793,194525,4,"A",2595
1441892529082230,194525,9,"A",2595
1441892529959844,194525,24,"B",2595
1441892530405356,194550,10,"A",2595
1441892531057599,194525,1,"B",2595
1441892532376378,194550,20,"A",2595
1441892532595992,194550,26,"A",2595
1441892532622217,194525,88,"A",2595
1441892533345246,194475,1,"B",2600
1441892533565671,194475,5,"B",2600
1441892534452619,194450,1,"B",2600
1441892534735025,194475,15,"A",2600
1441892535622485,194475,1,"A",2600
1441892536935654,194450,2,"A",2605
1441892537814346,194425,1,"B",2605
1441892538690730,194450,28,"A",2605
1441892538916017,194425,1,"B",2605
1441892539130403,194450,2,"A",2605
1441892540004918,194425,1,"A",2605
1441892540215972,194400,1,"B",2605
1441892540445068,194425,2,"A",2605
1441892540875442,194400,5,"B",2605
1441892541103919,194400,6,"B",2605
1441892543068297,194400,1,"B",2605
1441892543298463,194400,1,"B",2605
1441892545532714,194400,1,"B",2605
1441892545969430,194425,1,"A",2605
1441892547737125,194425,1,"B",2605
1441892548167506,194425,8,"A",2605
1441892548825132,194425,1,"A",2605
1441892549481398,194400,3,"A",2605
1441892550376086,194400,42,"B",2605
1441892551902503,194450,2,"A",2610
1441892552121968,194425,13,"A",2610
1441892553004851,194400,1,"A",2610
1441892553886996,194400,23,"A",2610
1441892554559361,194375,1,"B",2610
1441892556096282,194400,2,"B",2610
1441892557420589,194400,1,"B",2610
1441892557645127,194425,2,"A",2610
1441892558517976,194400,31,"B",2610
1441892559397440,194400,3,"B",2610
1441892560055211,194400,25,"B",2610
1441892560503688,194400,4,"B",2610
1441892561162928,194400,6,"B",2610
1441892562039723,194425,13,"A",2610
1441892563801303,194450,1,"B",2610
1441892565378330,194475,1,"A",2605
1441892566466932,194450,3,"B",2605
1441892567137633,194475,1,"A",2605
1441892568229999,194450,1,"B",2605
1441892569768387,194450,10,"B",2610
1441892571777463,194450,1,"A",2610
1441892571994123,194450,19,"A",2610
1441892573533170,194450,9,"A",2610
1441892575748263,194450,1,"A",2610
1441892575966883,194425,1,"B",2610
1441892577933464,194425,2,"B",2610
1441892578811795,194450,15,"A",2610
1441892579473558,194425,3,"B",2610
1441892580575457,194450,3,"B",2610
1441892582571004,194450,15,"B",2610
1441892583667464,194475,2,"A",2610
1441892583892084,194475,2,"A",2610
1441892585001173,194450,29,"B",2610
1441892585660310,194450,2,"A",2610
1441892586099262,194425,21,"A",2610
1441892588076015,194425,3,"B",2610
1441892588743019,194425,40,"A",2610
1441892589181904,194400,1,"B",2610
1441892589845574,194400,1,"A",2610
1441892590497890,194350,1,"B",2610
1441892591605007,194350,1,"B",2615
1441892592042744,194375,5,"A",2615
1441892594717702,194350,1,"B",2615
1441892596031062,194375,2,"A",2615
1441892596255621,194350,1,"B",2615
1441892598231413,194350,45,"A",2615
1441892598890470,194325,1,"B",2615
1441892598894449,194350,1,"A",2615
1441892599770244,194350,1,"A",2625
1441892600654247,194325,6,"B",2625
1441892601753545,194325,35,"B",2625
1441892603736291,194325,3,"B",2625
1441892604180313,194350,10,"B",2620
1441892606178856,194350,45,"B",2620
1441892606835760,194350,23,"B",2620
1441892607857846,194400,1,"A",2615
1441892607882968,194375,7,"B",2615
1441892608963930,194375,1,"B",2615
1441892610938731,194375,2,"A",2615
1441892611264014,194350,1,"B",2615
1441892611696799,194375,19,"B",2615
1441892611937577,194400,1,"A",2615
1441892613756995,194450,2,"A",2615
1441892614787899,194425,4,"A",2615
1441892616097451,194425,2,"A",2615
1441892617865786,194425,2,"B",2615
1441892619609740,194450,9,"B",2610
1441892620048532,194475,1,"A",2610
1441892620933963,194450,1,"B",2610
1441892621812663,194475,1,"A",2610
1441892622694007,194475,2,"A",2610
1441892623135014,194450,1,"B",2610
1441892624236358,194425,6,"A",2610
1441892625154031,194425,9,"A",2610
1441892627128443,194425,3,"B",2610
1441892628880803,194425,1,"A",2610
1441892629988498,194400,6,"B",2610
1441892631523445,194400,34,"B",2610
1441892632621997,194400,5,"B",2610
1441892633714541,194425,1,"A",2610
1441892634845169,194450,3,"B",2610
1441892635943586,194425,5,"A",2610
1441892637488364,194400,3,"A",2610
1441892637926391,194375,1,"B",2610
1441892637929110,194400,1,"A",2610
1441892638146489,194375,1,"B",2610
1441892638584532,194400,1,"A",2610
1441892640359591,194375,5,"A",2610
1441892641446952,194350,31,"B",2615
1441892644554796,194350,1,"B",2610
1441892646092093,194350,15,"B",2610
1441892647838977,194350,5,"A",2610
1441892648283615,194325,5,"B",2610
1441892648511162,194350,4,"B",2615
1441892650483676,194350,1,"B",2615
1441892651583400,194350,14,"B",2615
1441892652238383,194375,1,"A",2615
1441892653337676,194375,1,"A",2615
1441892655020260,194350,6,"B",2615
1441892657225710,194375,12,"B",2610
1441892659687662,194400,1,"B",2610
1441892659879987,194425,1,"A",2610
1441892660966567,194400,2,"A",2610
1441892661624502,194400,10,"B",2610
1441892661637766,194400,56,"A",2610
1441892662596154,194350,5,"A",2615
1441892663690649,194350,1,"A",2615
1441892664638786,194325,12,"A",2615
1441892665514692,194300,25,"B",2615
1441892667499421,194300,5,"B",2615
1441892669692448,194275,1,"B",2615
1441892669912797,194275,14,"B",2620
1441892670798359,194300,51,"A",2620
1441892671708015,194300,1,"A",2620
1441892672609938,194275,10,"A",2620
1441892673687155,194275,68,"B",2620
1441892675905318,194250,1,"B",2620
1441892676124421,194275,1,"A",2620
1441892676784368,194250,1,"B",2620
1441892678547086,194250,3,"B",2620
1441892678575417,194275,2,"A",2620
1441892678983232,194250,1,"B",2620
1441892678998608,194275,39,"A",2620
1441892680739785,194225,3,"A",2625
1441892682944757,194225,36,"B",2625
1441892684277620,194250,56,"B",2625
1441892685189537,194250,2,"B",2620
1441892686509185,194275,6,"A",2620
1441892686955820,194250,1,"B",2620
1441892687827218,194275,4,"A",2620
1441892688705454,194250,103,"B",2620
1441892689145976,194275,1,"A",2620
1441892692225032,194275,1,"A",2620
1441892695334421,194225,1,"B",2620
1441892695774239,194250,2,"A",2620
1441892697319726,194225,10,"A",2620
1441892698859223,194225,3,"A",2620
1441892700176849,194225,5,"B",2620
1441892700396663,194225,1,"B",2620
1441892700611514,194250,6,"A",2620
1441892700616266,194225,1,"B",2620
1441892701059753,194250,7,"A",2620
1441892701738642,194200,1,"A",2625
1441892702378138,194200,1,"B",2625
1441892704351003,194250,2,"B",2625
1441892704570345,194275,4,"A",2625
1441892705466970,194250,37,"B",2625
1441892706126233,194275,1,"A",2625
1441892707236076,194275,1,"B",2625
1441892707663416,194300,1,"A",2625
1441892708771225,194300,1,"B",2620
1441892709858376,194325,48,"A",2620
1441892711394403,194325,4,"A",2620
1441892712711782,194350,1,"A",2620
1441892712931015,194325,1,"B",2620
1441892714505388,194350,2,"A",2615
1441892714730287,194325,1,"B",2615
1441892715604801,194375,1,"A",2620
1441892715824393,194375,2,"A",2620
1441892716046226,194350,10,"B",2620
1441892717141996,194400,1,"B",2610
1441892717371550,194425,1,"B",2610
1441892718467617,194450,1,"A",2610
1441892719346101,194425,10,"A",2610
1441892720230782,194400,6,"B",2610
1441892722208587,194425,1,"A",2610
1441892723963955,194450,1,"B",2610
1441892724184268,194475,1,"A",2605
1441892725152413,194475,22,"A",2605
1441892725607795,194475,1,"A",2605
1441892726697518,194475,5,"A",2605
1441892727579391,194475,54,"B",2605
1441892728452502,194500,2,"A",2605
1441892729565100,194500,5,"B",2605
1441892729786248,194525,1,"A",2605
1441892730216899,194500,1,"B",2605
1441892730886985,194500,1,"B",2605
1441892732590200,194500,1,"B",2605
1441892733686383,194525,2,"A",2605
1441892734125374,194500,2,"B",2605
1441892735323047,194500,2,"A",2605
1441892735541256,194475,8,"B",2605
1441892736198568,194500,1,"A",2605
1441892737076227,194450,1,"B",2605
1441892737295986,194475,1,"A",2605
1441892738186921,194450,1,"A",2605
1441892738836952,194425,2,"B",2605
1441892739052775,194450,3,"A",2605
1441892741028099,194425,1,"B",2605
1441892741260582,194450,6,"B",2605
1441892742355181,194450,30,"B",2605
1441892742569146,194475,1,"A",2605
1441892743670112,194450,1,"A",2605
1441892745662960,194450,29,"B",2605
1441892746973274,194475,3,"B",2610
1441892748070253,194475,5,"A",2605
1441892748731464,194475,48,"A",2605
1441892749195661,194475,3,"A",2605
1441892750702914,194450,1,"B",2605
1441892751141169,194475,16,"A",2605
1441892751812772,194450,1,"B",2605
1441892753763382,194425,1,"B",2605
1441892754211300,194450,12,"A",2605
1441892754720199,194425,3,"B",2605
1441892755822043,194450,3,"A",2605
1441892756936976,194450,28,"B",2605
1441892757815006,194475,82,"B",2605
1441892758470771,194500,2,"A",2605
1441892759786491,194500,1,"A",2605
1441892760672645,194500,16,"B",2605
1441892761770712,194525,1,"A",2595
1441892763089584,194525,2,"B",2595
1441892763306266,194575,1,"A",2595
1441892763539343,194550,1,"B",2595
1441892763746371,194575,1,"A",2595
1441892763754210,194550,1,"B",2595
1441892763762556,194575,1,"A",2595
1441892763965943,194550,4,"A",2595
1441892763989519,194550,2,"B",2595
1441892764186171,194550,3,"B",2595
1441892764198191,194550,20,"B",2595
1441892766213062,194575,2,"B",2590
1441892766561966,194600,1,"B",2590
1441892766570004,194625,2,"A",2590
1441892767441428,194625,1,"A",2590
1441892767660477,194625,5,"A",2590
1441892767683981,194600,10,"A",2590
1441892767973736,194600,2,"A",2590
1441892768410658,194625,1,"A",2590
1441892769067799,194625,2,"A",2590
1441892769075165,194600,1,"B",2590
1441892769944750,194625,3,"A",2590
1441892771046048,194600,5,"A",2590
1441892771484534,194600,15,"A",2590
1441892772143023,194600,18,"A",2590
1441892772161080,194575,38,"B",2590
1441892772580830,194600,1,"A",2590
1441892773460806,194550,1,"B",2590
1441892773683031,194550,3,"A",2590
1441892773900197,194575,12,"A",2590
1441892774339006,194525,1,"B",2595
1441892775237139,194525,1,"B",2595
1441892775254193,194550,20,"B",2595
1441892775902711,194525,1,"B",2595
1441892776774495,194500,1,"B",2595
1441892776989491,194525,2,"A",2595
1441892777209176,194525,32,"B",2595
1441892778306343,194525,1,"B",2595
1441892778973142,194550,1,"B",2595
1441892780290552,194550,1,"A",2595
1441892782264474,194550,9,"A",2595
1441892782276052,194525,1,"B",2595
1441892784508062,194600,1,"A",2595
1441892784730231,194600,2,"A",2595
1441892786712143,194550,1,"B",2595
1441892787819673,194525,1,"B",2595
1441892788257251,194550,1,"A",2595
1441892788469975,194525,1,"B",2595
1441892788691830,194575,1,"A",2595
1441892789572712,194550,1,"B",2595
1441892790229600,194575,1,"B",2595
1441892790880408,194600,2,"B",2595
1441892791718463,194600,1,"B",2595
1441892792476007,194625,16,"A",2595
1441892794900496,194600,1,"B",2595
1441892795338392,194600,1,"B",2590
1441892795778143,194650,1,"A",2590
1441892796223656,194625,15,"A",2590
1441892797766890,194625,17,"A",2590
1441892798198393,194625,54,"A",2590
1441892800189486,194625,2,"B",2590
1441892802378474,194600,2,"B",2590
1441892803482098,194600,5,"B",2590
1441892803699497,194575,5,"B",2590
1441892805242216,194625,1,"A",2590
1441892805680039,194600,5,"B",2590
1441892806564655,194600,5,"A",2590
1441892808314568,194625,2,"B",2590
1441892808547739,194675,21,"A",2590
1441892808753167,194625,1,"B",2585
1441892808969986,194650,6,"B",2585
1441892809408698,194650,2,"A",2585
1441892809410910,194650,7,"A",2585
1441892810286150,194625,12,"A",2585
1441892812042973,194600,1,"B",2585
1441892812482096,194600,1,"A",2585
1441892812919336,194575,49,"B",2585
1441892814515610,194575,3,"B",2585
1441892815837371,194575,2,"A",2585
1441892817146310,194575,4,"B",2585
1441892818240344,194575,88,"A",2585
1441892818259958,194525,1,"A",2585
1441892818672554,194475,1,"B",2585
1441892818869594,194500,1,"A",2585
1441892819089019,194450,1,"B",2600
1441892819529741,194475,2,"A",2600
1441892820640619,194500,3,"A",2600
1441892821480884,194500,10,"B",2600
1441892822580004,194500,1,"B",2595
1441892823451727,194500,1,"B",2595
1441892825008049,194475,7,"A",2595
1441892825456752,194475,1,"A",2595
1441892825902990,194450,1,"A",2600
1441892826132386,194425,2,"A",2600
1441892826776949,194400,1,"B",2600
1441892826993485,194425,1,"A",2600
1441892827216147,194400,1,"B",2600
1441892828310183,194425,77,"B",2600
1441892830074005,194450,2,"A",2600
1441892830513426,194425,10,"B",2600
1441892831394788,194425,1,"B",2600
1441892832050269,194425,2,"B",2600
1441892832493919,194475,1,"A",2600
1441892833149817,194450,1,"B",2600
1441892833593477,194450,21,"B",2600
1441892834720936,194475,1,"A",2600
1441892835165717,194425,1,"B",2600
1441892835376009,194450,6,"B",2600
1441892836252748,194450,2,"A",2600
1441892836690694,194425,2,"B",2600
1441892839112863,194425,2,"B",2600
1441892839770942,194425,46,"B",2600
1441892841077271,194450,1,"A",2600
1441892841305989,194425,4,"B",2600
1441892841745288,194475,1,"A",2605
1441892843504345,194450,2,"A",2600
1441892845640929,194400,6,"B",2600
1441892847170794,194425,6,"B",2605
1441892848937866,194425,1,"A",2605
1441892849157322,194450,1,"A",2605
1441892850271845,194425,1,"A",2605
1441892850693810,194400,1,"B",2605
1441892851711611,194425,3,"A",2605
1441892854566724,194425,1,"A",2605
1441892855700142,194400,1,"A",2605
1441892856132051,194400,80,"B",2605
1441892858325784,194400,2,"B",2605
1441892859867046,194375,1,"B",2605
1441892859875234,194400,1,"A",2605
1441892860770509,194375,1,"B",2605
1441892860964690,194350,1,"B",2605
1441892861413558,194375,2,"A",2605
1441892864261330,194375,2,"A",2605
1441892864723070,194350,1,"B",2605
1441892865163556,194375,1,"A",2605
1441892865379009,194350,1,"B",2605
1441892866267089,194350,20,"B",2605
1441892867362022,194350,1,"B",2605
1441892868025007,194375,41,"A",2610
1441892869556602,194350,103,"B",2605
1441892870654870,194375,1,"A",2605
1441892873723613,194325,1,"A",2605
1441892873943907,194300,1,"B",2610
1441892874654891,194325,1,"B",2610
1441892875092431,194350,6,"A",2610
1441892875765791,194300,2,"A",2610
1441892876413811,194275,2,"B",2610
1441892877723238,194300,1,"B",2610
1441892877951573,194325,2,"A",2610
1441892879486919,194300,3,"B",2610
1441892879928258,194325,10,"A",2610
1441892880583896,194300,36,"A",2610
1441892881902193,194275,1,"B",2610
1441892882343507,194275,40,"B",2610
1441892882560429,194300,1,"A",2610
1441892882778935,194275,2,"B",2615
1441892883218217,194275,33,"B",2610
1441892884110400,194325,3,"A",2610
1441892885910486,194350,2,"A",2610
1441892886114525,194325,1,"B",2610
1441892887865790,194375,1,"B",2610
1441892889625819,194400,1,"B",2605
1441892890503206,194425,4,"A",2605
1441892891623741,194400,1,"A",2605
1441892894247384,194375,1,"A",2605
1441892895169940,194350,1,"A",2605
1441892896940565,194350,1,"B",2605
1441892899780830,194350,1,"B",2605
1441892901095655,194325,1,"B",2605
1441892901544764,194350,1,"B",2605
1441892902412354,194350,19,"B",2605
1441892904177482,194350,9,"A",2605
1441892904672347,194325,1,"B",2605
1441892905750850,194350,1,"B",2605
1441892907515673,194375,1,"A",2605
1441892907951130,194375,2,"A",2605
1441892908826140,194350,21,"A",2605
1441892911020182,194325,12,"B",2605
1441892912366702,194325,1,"B",2605
1441892913463288,194350,2,"A",2605
1441892916007921,194325,1,"A",2605
1441892916219759,194325,58,"A",2605
1441892919960540,194350,9,"B",2605
1441892920979900,194400,31,"A",2600
1441892922295460,194400,1,"B",2600
1441892922751883,194425,4,"A",2600
1441892924055686,194400,4,"A",2600
1441892924945178,194425,1,"A",2600
1441892925604290,194375,1,"B",2600
1441892925828961,194400,1,"A",2600
1441892926043282,194375,50,"A",2600
1441892926721801,194375,2,"A",2600
1441892927807348,194350,2,"A",2600
1441892928906519,194325,1,"B",2600
1441892930229831,194350,1,"A",2600
1441892931329017,194325,2,"A",2605
1441892932646677,194300,6,"A",2605
1441892933744950,194275,1,"B",2605
1441892935768183,194300,2,"B",2605
1441892936643998,194325,6,"A",2605
1441892937082477,194325,1,"A",2605
1441892939059705,194325,26,"B",2605
1441892940373335,194350,1,"A",2605
1441892941252659,194350,40,"A",2605
1441892945015591,194350,1,"B",2605
1441892946116610,194375,2,"B",2605
1441892947867697,194375,1,"B",2605
1441892949183357,194400,1,"A",2600
1441892950069292,194400,5,"B",2600
1441892951386298,194425,1,"A",2600
1441892952717082,194400,1,"B",2600
1441892953810272,194425,3,"B",2600
1441892954517685,194450,1,"B",2600
1441892954731530,194475,2,"A",2600
1441892955385215,194450,4,"B",2595
1441892956490188,194450,6,"A",2595
1441892957367723,194425,3,"A",2595
1441892957377662,194400,3,"B",2595
1441892958034377,194375,1,"B",2595
1441892959879980,194350,1,"B",2600
1441892961635725,194375,1,"A",2600
1441892962521397,194350,8,"A",2600
1441892965438528,194350,18,"B",2600
1441892966525800,194350,20,"B",2600
1441892968061583,194350,29,"B",2600
1441892969598561,194375,1,"B",2600
1441892971138572,194425,1,"A",2600
1441892971488711,194425,2,"A",2600
1441892975247474,194425,1,"A",2600
1441892976339019,194400,2,"A",2600
1441892979225562,194400,2,"B",2600
1441892980755626,194425,1,"A",2600
1441892982299311,194425,1,"B",2600
1441892983194455,194425,21,"A",2595
1441892984057992,194400,12,"B",2595
1441892985225704,194425,2,"A",2595
1441892986322603,194425,5,"A",2595
1441892987858336,194400,2,"B",2595
1441892990499536,194425,2,"B",2595
1441892990936858,194450,9,"B",2595
1441892991818451,194475,4,"A",2595
1441892993143423,194500,3,"A",2595
1441892993362274,194475,4,"B",2595
1441892993583238,194475,22,"B",2595
1441892996080627,194475,3,"A",2595
1441892997633765,194425,2,"B",2595
1441892998059263,194450,2,"A",2595
1441892998938423,194425,15,"A",2595
1441893000032902,194400,1,"B",2595
1441893000471175,194450,20,"A",2595
1441893000490685,194400,1,"B",2595
1441893001449009,194425,5,"A",2595
1441893002544002,194425,15,"A",2595
1441893003854283,194400,1,"A",2595
1441893005241413,194400,1,"A",2595
1441893005890107,194375,1,"B",2595
1441893006323198,194400,2,"B",2595
1441893008516433,194375,2,"B",2595
1441893009613692,194375,1,"A",2595
1441893011150157,194375,1,"B",2600
1441893012468829,194375,31,"A",2600
1441893013557088,194375,1,"A",2600
1441893014956957,194350,1,"B",2600
1441893016052986,194325,1,"B",2600
1441893017154793,194325,1,"B",2605
1441893018250864,194325,4,"B",2605
1441893020223964,194325,1,"B",2600
1441893021618878,194325,1,"B",2600
1441893023588743,194350,2,"A",2600
1441893025215263,194325,1,"B",2600
1441893026741770,194350,5,"B",2600
1441893027840219,194375,1,"A",2600
1441893028724761,194350,1,"B",2600
1441893029604282,194375,2,"B",2600
1441893030702631,194375,52,"A",2600
1441893033031634,194350,3,"A",2600
1441893034128439,194350,40,"B",2600
1441893035025655,194350,63,"A",2600
1441893036121493,194325,22,"B",2600
1441893036340143,194325,53,"B",2600
1441893038516646,194350,1,"A",2600
1441893040724978,194350,3,"B",2600
1441893042900083,194375,1,"B",2600
1441893045822080,194400,1,"B",2600
1441893047356950,194400,2,"B",2600
1441893047575162,194425,2,"A",2600
1441893048673725,194425,5,"A",2600
1441893048686440,194400,5,"A",2600
1441893051088674,194400,1,"A",2600
1441893052064793,194350,2,"B",2600
1441893053368913,194350,3,"A",2600
1441893054028137,194325,1,"B",2600
1441893054249737,194350,1,"A",2600
1441893055201235,194325,5,"B",2600
1441893056955075,194325,1,"B",2600
1441893057611832,194300,1,"B",2600
1441893058490933,194300,7,"B",2600
1441893060484428,194300,1,"A",2605
1441893060716481,194275,5,"A",2605
1441893061132315,194250,23,"B",2605
1441893061575666,194275,8,"A",2605
1441893062675249,194250,3,"B",2605
1441893063108092,194250,1,"B",2605
1441893063996661,194275,10,"B",2605
1441893064803963,194275,39,"A",2605
1441893066329726,194250,1,"B",2605
1441893067645380,194275,50,"B",2605
1441893069185011,194275,5,"B",2605
1441893069402208,194300,15,"B",2605
1441893070059121,194275,1,"B",2605
1441893070503966,194275,7,"B",2605
1441893072031931,194275,4,"B",2605
1441893072470232,194300,2,"B",2605
1441893072917225,194300,49,"B",2605
1441893074008463,194275,2,"A",2605
1441893075831609,194250,9,"B",2605
1441893079340092,194225,1,"B",2605
1441893079783931,194225,1,"B",2605
1441893080224057,194250,1,"B",2605
1441893080658034,194275,1,"B",2605
1441893080878725,194300,1,"A",2605
1441893081766961,194275,2,"A",2605
1441893084638880,194225,7,"B",2610
1441893085526937,194225,1,"A",2610
1441893087499625,194225,23,"B",2610
1441893088806654,194250,1,"B",2610
1441893089698330,194275,1,"B",2610
1441893090559143,194300,2,"A",2610
1441893092390015,194300,1,"A",2610
1441893093527920,194275,1,"B",2610
1441893094912260,194275,1,"B",2610
1441893096216229,194300,1,"A",2610
1441893097537016,194275,5,"A",2610
1441893099949346,194275,1,"A",2610
1441893100387580,194250,1,"B",2610
1441893101265071,194275,36,"A",2610
1441893104126839,194275,3,"A",2610
1441893105707447,194250,1,"B",2610
1441893107895790,194275,1,"A",2610
1441893109335673,194275,1,"B",2605
1441893109573343,194325,1,"A",2605
1441893111118052,194325,13,"B",2605
1441893111555928,194350,1,"A",2605
1441893111995023,194350,3,"A",2605
1441893112874774,194325,8,"B",2605
1441893114869698,194325,5,"B",2605
1441893115756763,194350,7,"A",2605
1441893115962624,194375,10,"A",2605
1441893116631575,194375,1,"A",2605
1441893117288238,194375,1,"A",2605
1441893117725322,194350,2,"A",2605
1441893119699998,194350,1,"B",2605
1441893120628479,194375,1,"B",2605
1441893120819488,194400,1,"A",2605
1441893121299926,194400,1,"B",2605
1441893122025671,194425,2,"B",2600
1441893122231166,194450,1,"A",2600
1441893123118739,194450,3,"B",2600
1441893124086124,194450,12,"B",2595
1441893124564901,194450,1,"B",2595
1441893125456247,194475,1,"A",2595
1441893125701227,194475,7,"A",2595
1441893126348099,194450,66,"B",2595
1441893127443953,194475,2,"A",2595
1441893127886304,194500,1,"A",2595
1441893128771551,194500,2,"A",2590
1441893129211588,194525,1,"A",2590
1441893130538169,194525,1,"A",2590
1441893131634524,194500,1,"B",2590
1441893133392777,194500,1,"A",2590
1441893135623731,194500,1,"A",2595
1441893137459104,194500,1,"A",2595
1441893138471007,194500,2,"B",2595
1441893140242301,194550,2,"A",2595
1441893140900279,194525,1,"A",2595
1441893141550090,194525,3,"B",2595
1441893142623560,194525,3,"B",2595
1441893143285001,194575,2,"A",2595
1441893144859798,194550,1,"B",2590
1441893145296333,194575,1,"A",2590
1441893145312927,194550,104,"B",2590
1441893147271592,194550,1,"A",2590
1441893149472494,194525,1,"B",2590
1441893149907760,194500,1,"A",2590
1441893149921241,194475,1,"B",2590
1441893150349247,194500,1,"A",2595
1441893150568139,194475,22,"B",2595
1441893150787140,194500,1,"A",2595
1441893151227499,194475,1,"B",2595
1441893151443922,194525,1,"A",2595
1441893151665650,194500,110,"B",2595
1441893151885334,194500,1,"B",2595
1441893152761514,194525,11,"B",2595
1441893153629163,194550,1,"A",2595
1441893154780482,194525,1,"B",2595
1441893155862916,194550,1,"A",2595
1441893156090283,194525,2,"B",2595
1441893156302352,194525,6,"B",2595
1441893158725382,194500,1,"A",2590
1441893159830366,194475,1,"B",2595
1441893162684653,194525,5,"B",2595
1441893164441462,194550,5,"B",2595
1441893165352109,194525,1,"B",2590
1441893165787922,194550,2,"A",2590
1441893168866764,194525,1,"A",2590
1441893169086241,194500,17,"B",2590
1441893170842479,194500,8,"B",2590
1441893171936267,194525,1,"A",2590
1441893173914203,194525,30,"B",2590
1441893175971885,194525,2,"B",2590
1441893177513587,194500,1,"B",2590
1441893177723919,194525,1,"A",2590
1441893178374152,194500,1,"B",2590
1441893178605351,194525,1,"A",2590
1441893179697260,194500,1,"A",2590
1441893181232137,194500,28,"B",2590
1441893182351190,194500,1,"A",2590
1441893183433745,194500,18,"A",2590
1441893185247289,194450,1,"A",2595
1441893186342482,194425,2,"B",2595
1441893187243351,194425,8,"B",2595
1441893189646923,194450,1,"B",2600
1441893190525100,194450,17,"B",2600
1441893190756363,194475,3,"A",2600
1441893191194384,194475,4,"B",2600
1441893191857915,194475,28,"B",2600
1441893193386156,194450,4,"B",2600
1441893195422270,194425,1,"B",2600
1441893196526110,194425,1,"B",2600
1441893196740613,194450,1,"A",2600
1441893197615524,194400,1,"B",2600
1441893198492753,194425,3,"A",2600
1441893199801365,194400,5,"B",2600
1441893201341476,194400,3,"B",2600
1441893202219583,194400,5,"A",2600
1441893202666735,194350,1,"B",2600
1441893203091159,194325,1,"B",2600
1441893203306564,194350,13,"A",2605
1441893203511889,194350,1,"A",2605
1441893204170938,194350,2,"A",2605
1441893204870086,194350,50,"A",2605
1441893206408665,194325,1,"B",2605
1441893206627988,194350,1,"A",2605
1441893207066758,194350,4,"A",2605
1441893208384026,194325,1,"B",2605
1441893208626348,194325,11,"A",2605
1441893209042853,194300,1,"B",2605
1441893210579730,194300,1,"B",2605
1441893211019468,194300,78,"A",2605
1441893211514292,194275,1,"B",2610
1441893212595616,194300,21,"A",2610
1441893213683445,194275,2,"B",2610
1441893213902245,194250,1,"B",2610
1441893215701489,194250,5,"B",2610
1441893216350638,194250,3,"B",2610
1441893217232876,194250,1,"B",2610
1441893217892774,194275,2,"A",2610
1441893218112379,194275,1,"A",2610
1441893218335206,194250,1,"B",2610
1441893218990370,194275,2,"A",2610
1441893220094744,194250,3,"B",2610
1441893220105357,194250,9,"B",2610
1441893221200514,194250,31,"B",2610
1441893221854786,194225,1,"B",2610
1441893222728980,194250,24,"A",2610
1441893223828795,194225,1,"B",2615
1441893224726441,194225,3,"B",2615
1441893226283573,194200,2,"B",2615
1441893227173552,194175,1,"B",2620
1441893227617488,194175,3,"B",2620
1441893228047165,194175,1,"B",2620
1441893229135683,194175,5,"A",2620
1441893229140500,194175,116,"A",2620
1441893229612996,194125,2,"B",2620
1441893230250319,194125,8,"A",2625
1441893230468184,194100,1,"B",2625
1441893230675352,194100,15,"B",2625
1441893231120761,194100,6,"A",2625
1441893231126126,194075,1,"B",2625
1441893231336195,194075,4,"B",2625
1441893231555876,194075,11,"B",2625
1441893231770691,194100,4,"A",2630
1441893232209279,194100,1,"B",2630
1441893232648189,194075,1,"B",2630
1441893233531702,194050,1,"B",2630
1441893233740182,194075,119,"A",2630
1441893233963575,194025,1,"B",2630
1441893234179069,194050,1,"B",2630
1441893234398995,194025,1,"B",2630
1441893234858002,194050,1,"A",2630
1441893235095001,194025,5,"A",2635
1441893235298021,194000,3,"B",2635
1441893235734914,194025,4,"B",2635
1441893235961844,194075,89,"A",2635
1441893236387230,194050,64,"B",2635
1441893236827185,194100,50,"A",2635
1441893237268365,194100,69,"A",2625
1441893237496519,194100,115,"A",2625
1441893238590900,194075,37,"B",2625
1441893238809653,194100,1,"A",2625
1441893239252651,194075,1,"B",2625
1441893239466417,194100,1,"A",2625
1441893239907273,194075,1,"B",2625
1441893240784207,194075,1,"B",2625
1441893240797056,194125,1,"A",2625
1441893241240988,194100,5,"B",2625
1441893241905929,194125,3,"A",2625
1441893242550700,194125,1,"A",2625
1441893243006391,194125,8,"A",2625
1441893243671376,194150,4,"A",2625
1441893243876950,194100,1,"B",2625
1441893244775784,194125,1,"A",2625
1441893245664001,194150,1,"A",2625
1441893246324630,194125,1,"B",2625
1441893246764370,194150,3,"A",2625
1441893247200366,194150,12,"A",2625
1441893248298197,194150,2,"A",2625
1441893249184460,194100,2,"B",2625
1441893249843308,194125,1,"B",2625
1441893250718338,194100,1,"B",2625
1441893251155772,194125,1,"A",2625
1441893252263214,194100,1,"A",2625
1441893252482949,194100,62,"A",2625
1441893252714661,194075,85,"A",2625
1441893253140437,194100,1,"A",2625
1441893253799120,194050,1,"B",2630
1441893254022680,194075,2,"A",2630
1441893254719549,194050,2,"B",2630
1441893255366899,194075,2,"A",2630
1441893255805507,194050,2,"B",2630
1441893258010953,194075,2,"B",2630
1441893259108449,194075,71,"B",2630
1441893259770001,194075,1,"A",2630
1441893260208023,194075,1,"A",2630
1441893260431494,194050,3,"B",2630
1441893260867402,194050,33,"B",2630
1441893261616333,194025,2,"A",2630
1441893262277646,194025,1,"A",2630
1441893262941939,194025,8,"A",2630
1441893264051698,194025,3,"A",2630
1441893264256620,194000,1,"B",2630
1441893265069889,194025,2,"A",2635
1441893266168976,193975,14,"B",2635
1441893266396200,193975,5,"B",2635
1441893266618028,194000,65,"B",2635
1441893267930811,194025,2,"A",2635
1441893268153460,194025,1,"A",2635
1441893268582948,194000,1,"A",2635
1441893269241286,194000,1,"A",2635
1441893269245160,193975,1,"B",2635
1441893269460932,194000,2,"B",2635
1441893269683360,194000,2,"A",2635
1441893270124016,194000,2,"A",2635
1441893270573496,194000,1,"B",2635
1441893271221623,194000,41,"B",2635
1441893271718995,194025,13,"B",2635
1441893272376638,194025,6,"A",2635
1441893272596696,194000,1,"B",2635
1441893273484262,194000,1,"B",2635
1441893273701334,194025,1,"A",2635
1441893273923509,194000,3,"A",2635
1441893274358708,194000,13,"A",2635
1441893274874367,194000,26,"A",2635
1441893275980435,194025,1,"B",2630
1441893276414300,194050,1,"B",2630
1441893276853480,194025,1,"B",2630
1441893277073757,194050,1,"A",2630
1441893277294846,194050,4,"B",2630
1441893277503581,194025,2,"B",2630
1441893278600666,194025,9,"B",2630
1441893280575636,194050,14,"A",2630
1441893281672551,194075,1,"A",2630
1441893281911148,194050,5,"A",2630
1441893281979551,194025,1,"B",2630
1441893283081648,194050,50,"A",2630
1441893284181733,194050,3,"A",2630
1441893284397307,194025,34,"B",2630
1441893284706295,194050,2,"A",2630
1441893285817400,194025,1,"B",2630
1441893286634028,193975,6,"B",2630
1441893287072008,193975,8,"B",2630
1441893287953444,194000,3,"A",2630
1441893288608765,194000,20,"A",2630
1441893289704964,193950,7,"A",2635
1441893290828254,193950,1,"B",2635
1441893291919464,193975,5,"B",2635
1441893291937536,194000,7,"A",2635
1441893293041839,194000,3,"A",2635
1441893293538883,193975,1,"B",2635
1441893294412318,194000,1,"B",2635
1441893294720586,194025,10,"A",2635
1441893294944658,194000,1,"B",2635
1441893295381111,194025,2,"B",2635
1441893295635605,194075,1,"A",2630
1441893296080748,194050,1,"B",2630
1441893297138910,194075,1,"A",2630
1441893298018970,194100,1,"A",2630
1441893298459157,194075,1,"B",2630
1441893299775690,194075,16,"B",2630
1441893299784111,194100,1,"A",2630
1441893300665985,194075,1,"A",2630
1441893300875392,194050,2,"A",2625
1441893301316422,194050,33,"A",2625
1441893301971697,194075,1,"A",2625
1441893302854176,194050,1,"B",2625
1441893303081521,194075,1,"B",2625
1441893303508628,194100,2,"A",2625
1441893303731148,194075,7,"B",2625
1441893304167167,194100,10,"A",2625
1441893304656778,194100,1,"A",2625
1441893305094979,194050,3,"B",2625
1441893305754966,194075,1,"A",2625
1441893305974216,194050,7,"B",2625
1441893306412851,194075,1,"A",2625
1441893308616427,194100,6,"B",2625
1441893309721392,194150,1,"A",2625
1441893310152803,194125,1,"B",2625
1441893310591727,194150,1,"A",2625
1441893311032641,194150,2,"A",2620
1441893312796995,194150,2,"A",2625
1441893313021211,194125,1,"B",2625
1441893313235130,194150,1,"A",2625
1441893314331792,194125,1,"B",2625
1441893316564683,194125,3,"A",2625
1441893317005652,194125,1,"A",2625
1441893318106367,194100,1,"B",2625
1441893319198808,194075,1,"A",2630
1441893319656594,194025,1,"B",2630
1441893320974565,194050,3,"B",2630
1441893321193673,194100,4,"A",2630
1441893322072580,194075,38,"A",2630
1441893322732332,194050,4,"B",2630
1441893324065664,194075,1,"B",2630
1441893325447572,194075,1,"B",2630
1441893327448715,194075,2,"A",2630
1441893328532389,194075,30,"B",2630
1441893329849165,194075,11,"B",2630
1441893329853578,194075,66,"B",2630
1441893330457827,194125,145,"A",2630
1441893330476717,194100,10,"A",2630
1441893331945604,194075,6,"B",2625
1441893332826698,194100,6,"B",2625
1441893336416753,194075,1,"B",2625
1441893338169437,194075,18,"A",2625
1441893339282720,194075,2,"A",2625
1441893339940613,194025,1,"B",2625
1441893341692255,194000,2,"A",2630
1441893342351188,193975,1,"A",2630
1441893342579669,193950,1,"B",2635
1441893343677397,193950,70,"B",2635
1441893344132307,193950,37,"A",2635
1441893344825854,193975,2,"A",2635
1441893345547519,193925,10,"B",2635
1441893346205971,193950,3,"A",2635
1441893346214390,193925,1,"B",2635
1441893346437025,193950,1,"B",2635
1441893346854896,193950,1,"B",2635
1441893347513557,193975,1,"B",2635
1441893348830122,193975,1,"A",2635
1441893349278686,193925,6,"B",2635
1441893350157752,193925,3,"B",2635
1441893351706817,193925,1,"B",2635
1441893352133549,193950,1,"A",2635
1441893352808316,193900,1,"B",2635
1441893353026187,193900,3,"B",2635
1441893353898561,193925,2,"A",2635
1441893354848214,193875,1,"B",2635
1441893355724492,193900,22,"B",2635
1441893356607557,193925,10,"A",2635
1441893356830018,193875,2,"B",2635
1441893357052732,193925,1,"A",2635
1441893358148789,193900,1,"B",2635
1441893359247152,193900,1,"B",2635
1441893360349624,193925,1,"A",2635
1441893360369164,193900,11,"A",2635
1441893361884590,193900,1,"B",2635
1441893362984021,193950,1,"A",2635
1441893363460530,193925,1,"A",2635
1441893364519775,193925,25,"A",2635
1441893365439842,193900,1,"B",2635
1441893366095082,193925,2,"A",2635
1441893366757740,193925,33,"B",2635
1441893367191830,193975,2,"A",2635
1441893368069760,193950,4,"A",2635
1441893368739262,193950,1,"B",2635
1441893369833886,193975,8,"B",2635
1441893370276523,194000,2,"A",2635
1441893371149428,193975,14,"A",2635
1441893372247284,193975,5,"A",2635
1441893373121356,194000,1,"A",2635
1441893373131716,193975,1,"B",2635
1441893373561385,194000,1,"A",2635
1441893374221523,194000,2,"A",2635
1441893375375467,193975,11,"B",2635
1441893375962805,193975,156,"A",2635
1441893377501161,193950,1,"A",2630
1441893377933513,193925,1,"A",2630
1441893378818286,193900,2,"B",2630
1441893380793895,193900,51,"B",2630
1441893383309836,193900,1,"A",2630
1441893385553936,193900,4,"A",2630
1441893387087829,193900,14,"B",2630
1441893387178260,193950,1,"B",2630
1441893389591239,193950,5,"A",2630
1441893390492563,193925,6,"B",2630
1441893391509165,193925,1,"B",2630
1441893392603025,193950,16,"A",2630
1441893395048884,194000,1,"A",2630
1441893395054700,194000,11,"A",2630
1441893396371277,193975,27,"B",2630
1441893397911489,194000,1,"A",2625
1441893398560727,194025,1,"A",2620
1441893398996047,194000,3,"B",2620
1441893400531591,194025,1,"A",2620
1441893401628066,194050,1,"A",2620
1441893402521065,194025,1,"A",2620
1441893404754867,194000,3,"A",2625
1441893405190746,194025,1,"A",2625
1441893405409590,194025,2,"A",2625
1441893406292877,194000,10,"A",2625
1441893407183149,194000,20,"B",2625
1441893409362335,194025,1,"A",2620
1441893409391200,194000,10,"B",2620
1441893410260548,194025,1,"B",2620
1441893410687598,194050,1,"A",2620
1441893411782673,194025,2,"A",2620
1441893412707286,194025,2,"A",2620
1441893414208445,194000,11,"A",2620
1441893414896885,194000,36,"B",2620
1441893415554875,194025,56,"A",2620
1441893415993837,194000,16,"B",2620
1441893417319263,194000,1,"B",2620
1441893418209143,194025,5,"A",2620
1441893420181914,194000,11,"B",2620
1441893421717347,194025,1,"A",2620
1441893422814875,194000,1,"B",2620
1441893424578934,194025,1,"A",2620
1441893425923525,193975,1,"B",2620
1441893426143710,194050,22,"A",2620
1441893426388714,194025,5,"B",2620
1441893427692219,194025,1,"B",2620
1441893428341936,194075,11,"B",2620
1441893430097066,194075,1,"B",2620
1441893430972764,194100,1,"A",2620
1441893432507214,194100,9,"A",2620
1441893433383775,194075,19,"A",2620
1441893434274395,194075,29,"B",2620
1441893438281421,194075,2,"B",2620
1441893440700433,194100,1,"A",2620
1441893441797615,194100,4,"B",2620
1441893442017812,194125,1,"A",2620
1441893442894301,194100,1,"A",2620
1441893444001673,194075,4,"B",2620
1441893445335811,194075,2,"B",2620
1441893446221618,194075,2,"B",2620
1441893446660737,194100,11,"B",2620
1441893447757267,194100,14,"A",2620
1441893449742125,194075,1,"B",2620
1441893450620539,194075,36,"B",2620
1441893453697575,194075,5,"A",2620
1441893454603322,194075,55,"A",2620
1441893456361794,194075,50,"B",2620
1441893459074481,194125,1,"A",2620
1441893460392872,194100,11,"A",2620
1441893460852233,194100,4,"B",2620
1441893462849824,194150,2,"A",2620
1441893465286356,194125,2,"A",2620
1441893465942216,194125,16,"A",2620
1441893466818579,194100,32,"A",2620
1441893467917429,194075,1,"A",2620
1441893469452854,194050,1,"B",2620
1441893470551920,194075,1,"A",2620
1441893472074438,194075,45,"A",2620
1441893476684925,194050,1,"B",2620
1441893477573252,194050,13,"B",2620
1441893478668120,194075,1,"A",2620
1441893479580542,194050,5,"A",2620
1441893480403038,194050,23,"A",2620
1441893480430528,194025,47,"A",2620
1441893481281359,194000,5,"A",2620
1441893482817746,194025,9,"B",2620
1441893484367229,194050,1,"A",2620
1441893486020539,194050,1,"B",2620
1441893486458142,194050,28,"B",2615
1441893488009203,194050,29,"B",2615
1441893489540236,194050,1,"A",2615
1441893490642688,194050,13,"A",2615
1441893490871383,194050,15,"A",2615
1441893492397320,194050,1,"A",2615
1441893493285217,194050,19,"A",2615
1441893495731615,194050,9,"B",2615
1441893496608954,194075,23,"A",2615
1441893500109849,194075,2,"A",2615
1441893501863541,194050,1,"B",2615
1441893502093236,194075,17,"B",2615
1441893503091931,194050,1,"B",2615
1441893503517934,194075,14,"B",2615
1441893504478533,194125,1,"B",2615
1441893504559438,194150,1,"B",2615
1441893505016854,194150,4,"B",2615
1441893505884526,194175,1,"A",2615
1441893506981404,194175,5,"A",2615
1441893507420653,194150,6,"B",2615
1441893508736827,194150,11,"B",2615
1441893509203039,194150,1,"B",2615
1441893509626156,194175,1,"A",2615
1441893510284626,194150,1,"A",2615
1441893511499695,194175,1,"A",2615
1441893511718657,194150,3,"A",2615
1441893513046021,194150,14,"A",2615
1441893515034913,194150,2,"A",2615
1441893515935784,194150,7,"B",2615
1441893516590412,194150,23,"B",2615
1441893519455835,194150,1,"B",2610
1441893521217365,194175,1,"A",2610
1441893522308902,194150,1,"B",2610
1441893523857820,194175,1,"A",2610
1441893524530641,194150,1,"B",2610
1441893525281480,194175,2,"A",2610
1441893525719852,194175,4,"A",2610
1441893526597940,194150,8,"B",2610
1441893528251782,194175,6,"A",2610
1441893529568328,194150,2,"B",2610
1441893530684485,194150,1,"A",2610
1441893532421068,194125,1,"B",2610
1441893533520650,194100,1,"B",2610
1441893533737421,194100,4,"B",2610
1441893535752506,194075,1,"B",2615
1441893537284768,194075,1,"B",2615
1441893538382365,194075,11,"A",2615
1441893538602098,194050,2,"B",2615
1441893538821392,194050,10,"B",2615
1441893540588685,194075,1,"A",2615
1441893541684398,194075,18,"A",2620
1441893542796041,194050,1,"B",2620
1441893542801202,194075,1,"A",2620
1441893543672571,194050,38,"A",2620
1441893545018783,194025,10,"B",2620
1441893546555992,194050,8,"B",2620
1441893547873290,194050,2,"A",2620
1441893548750696,194025,1,"B",2620
1441893549638081,194050,7,"A",2620
1441893551204233,194025,1,"B",2625
1441893552301441,194050,59,"B",2625
1441893553711337,194025,2,"A",2625
1441893555740117,194025,5,"B",2630
1441893556182479,194050,1,"A",2630
1441893556614189,194050,2,"A",2630
1441893557709853,194025,5,"A",2630
1441893558596685,194000,2,"B",2630
1441893559473160,194025,14,"A",2625
1441893559912293,194000,1,"A",2625
1441893560789811,194025,2,"A",2625
1441893561458939,194025,3,"A",2625
1441893561886488,194025,5,"A",2625
1441893562060661,194000,8,"A",2630
1441893562286126,193950,2,"B",2630
1441893562947284,193950,10,"B",2630
1441893564044843,193975,1,"B",2630
1441893564982754,193975,7,"B",2630
1441893566945927,193950,1,"A",2630
1441893568041863,193925,1,"B",2630
1441893569807693,193950,1,"B",2630
1441893570246508,193950,28,"B",2630
1441893570686966,193950,2,"A",2630
1441893570907998,193950,1,"A",2630
1441893571505100,193950,3,"B",2630
1441893572212448,193925,3,"B",2630
1441893573527056,193925,1,"B",2630
1441893574625358,193925,5,"B",2630
1441893576442876,193925,3,"B",2630
1441893577986157,193925,1,"B",2630
1441893579138743,193900,1,"B",2630
1441893580011127,193900,5,"B",2630
1441893580882968,193875,1,"B",2630
1441893581116905,193875,26,"B",2635
1441893581985949,193850,1,"B",2635
1441893583309295,193850,1,"B",2635
1441893584196591,193825,1,"B",2635
1441893584408784,193850,52,"B",2635
1441893586519123,193850,2,"B",2635
1441893586957122,193875,25,"A",2635
1441893588308879,193900,2,"A",2635
1441893589406817,193875,9,"A",2640
1441893590296469,193875,2,"A",2635
1441893591381620,193850,2,"B",2635
1441893591600857,193825,1,"B",2635
1441893591820346,193850,2,"A",2635
1441893592917427,193825,1,"A",2635
1441893593300553,193800,3,"B",2640
1441893593696274,193800,14,"B",2640
1441893594877231,193775,1,"B",2640
1441893595087608,193775,3,"B",2640
1441893595742936,193775,1,"B",2640
1441893596201869,193750,27,"B",2640
1441893596625201,193750,29,"B",2640
1441893597731719,193775,27,"B",2640
1441893598385092,193750,1,"B",2640
1441893598823998,193750,5,"B",2640
1441893599488382,193750,52,"A",2640
1441893599921654,193775,2,"A",2640
1441893600141180,193750,4,"B",2640
1441893600152466,193750,25,"B",2640
1441893600373573,193775,1,"B",2640
1441893600583264,193775,3,"B",2640
1441893601238938,193800,10,"B",2640
1441893601467261,193825,2,"A",2640
1441893601677888,193800,2,"B",2640
1441893602336511,193800,87,"B",2640
1441893602352859,193825,1,"A",2640
1441893602554830,193850,3,"A",2640
1441893602558213,193825,7,"B",2640
1441893603438691,193825,34,"A",2635
1441893603677156,193825,10,"B",2635
1441893605247428,193875,1,"A",2635
1441893606562266,193875,2,"A",2635
1441893607727904,193875,2,"A",2635
1441893607947977,193875,5,"A",2635
1441893608608357,193900,1,"A",2635
1441893609703089,193875,1,"B",2635
1441893610382525,193925,1,"A",2635
1441893611040295,193925,10,"A",2635
1441893611448603,193975,1,"A",2635
1441893611451561,193950,1,"B",2635
1441893612111211,193975,2,"A",2635
1441893612549216,193950,1,"B",2635
1441893612769384,193975,5,"A",2635
1441893613649737,194000,1,"A",2635
1441893614527271,194000,2,"A",2630
1441893614614554,194025,1,"A",2630
1441893614841798,194000,3,"A",2630
1441893615057013,194000,1,"B",2630
1441893615493290,194025,1,"B",2625
1441893615717346,194050,1,"A",2625
1441893615932207,194050,17,"A",2625
1441893616598792,194025,1,"B",2625
1441893617474638,194025,12,"A",2625
1441893617692917,194025,45,"A",2625
1441893618570755,194000,4,"A",2625
1441893618973757,194000,20,"B",2625
1441893620440792,194025,2,"A",2625
1441893620880815,193975,1,"B",2625
1441893621094895,194000,2,"A",2625
1441893621974708,193975,5,"A",2625
1441893622192033,193950,1,"B",2625
1441893622651004,193950,1,"A",2625
1441893622871201,193950,3,"A",2625
1441893623323835,193925,2,"B",2625
1441893624401597,193925,1,"B",2625
1441893625526936,193950,4,"B",2625
1441893627718183,193950,1,"B",2625
1441893628161373,193950,1,"B",2625
1441893628817742,193975,1,"A",2625
1441893629478569,193975,2,"A",2625
1441893630575549,193950,10,"B",2625
1441893631513809,193950,13,"B",2625
1441893631963151,193975,1,"A",2625
1441893633497947,194000,1,"A",2625
1441893633922325,193975,2,"A",2625
1441893634583365,193950,1,"B",2625
1441893634830134,193975,1,"A",2625
1441893635706688,193950,1,"A",2625
1441893636366790,193950,1,"A",2625
1441893636585636,193950,2,"A",2625
1441893637697928,193925,10,"A",2625
1441893639442467,193950,1,"A",2625
1441893640539109,193975,10,"A",2625
1441893640979348,193950,1,"B",2625
1441893641860172,193975,1,"A",2625
1441893643833290,193950,1,"B",2625
1441893644738286,193925,1,"B",2625
1441893646944889,193950,5,"A",2630
1441893648499901,193950,25,"B",2630
1441893649368200,193975,34,"B",2625
1441893649657763,193975,5,"B",2625
1441893650758894,194025,1,"A",2625
1441893650766173,194025,3,"A",2625
1441893651859937,194000,5,"A",2625
1441893654383469,193975,1,"B",2625
1441893654654125,193975,3,"A",2625
1441893655539044,193950,1,"B",2625
1441893655772605,193975,2,"B",2625
1441893656856069,193975,8,"A",2625
1441893657518691,193950,1,"B",2625
1441893657732471,193975,2,"A",2625
1441893658399295,193975,3,"A",2625
1441893659510638,193950,43,"A",2630
1441893660407496,193925,2,"A",2630
1441893661792924,193875,1,"B",2630
1441893662460620,193900,17,"A",2630
1441893662911499,193875,1,"B",2630
1441893664643379,193850,1,"B",2630
1441893664691043,193875,1,"B",2630
1441893665346764,193900,1,"A",2630
1441893666003111,193900,1,"A",2630
1441893666660290,193875,1,"B",2630
1441893669079145,193875,1,"B",2630
1441893669957471,193875,1,"B",2630
1441893671492741,193850,2,"A",2630
1441893671505648,193850,3,"A",2630
1441893671716205,193850,1,"A",2630
1441893671938818,193825,1,"B",2630
1441893673027543,193850,25,"A",2630
1441893673268909,193800,1,"B",2630
1441893673903662,193825,1,"B",2630
1441893675506529,193850,1,"A",2635
1441893676164461,193825,2,"B",2635
1441893677051763,193850,2,"A",2635
1441893677929065,193850,4,"A",2635
1441893678586077,193825,33,"B",2625
1441893678599197,193875,119,"B",2625
1441893679249833,193875,1,"B",2625
1441893679687190,193900,6,"B",2630
1441893680352636,193900,55,"B",2625
1441893680804298,193900,13,"A",2625
1441893682108016,193900,2,"A",2625
1441893685585350,193875,3,"B",2625
1441893685599716,193875,10,"A",2625
1441893686700369,193850,2,"B",2630
1441893688046577,193850,9,"B",2630
1441893688269614,193875,1,"B",2630
1441893688474396,193900,1,"A",2630
1441893688689662,193875,4,"B",2630
1441893689349737,193900,3,"A",2630
1441893690229405,193875,7,"A",2630
1441893691290495,193875,79,"A",2630
1441893692601048,193850,1,"A",2630
1441893694138682,193850,1,"B",2630
1441893695088899,193850,10,"B",2630
1441893696622507,193850,5,"B",2630
1441893699036901,193825,119,"B",2630
1441893699264561,193850,5,"B",2635
1441893700154323,193850,5,"A",2635
1441893701240739,193825,2,"B",2635
1441893701899013,193850,1,"A",2635
1441893702789071,193825,3,"B",2635
1441893704799040,193850,7,"B",2635
1441893705018295,193825,3,"B",2635
1441893705461387,193825,1,"B",2635
1441893705903135,193850,54,"B",2630
1441893707822772,193825,7,"B",2630
1441893709139442,193850,1,"B",2635
1441893710455012,193875,1,"A",2635
1441893710684060,193850,3,"A",2635
1441893710694278,193875,1,"A",2635
1441893711782126,193850,1,"B",2635
1441893713322928,193875,4,"A",2635
1441893714417956,193850,1,"B",2635
1441893716485896,193850,16,"B",2635
1441893718040903,193875,1,"A",2635
1441893718697287,193850,1,"B",2635
1441893719353549,193900,2,"A",2635
1441893720006982,193875,10,"B",2635
1441893721113880,193850,1,"B",2635
1441893721332118,193875,1,"A",2635
1441893721552220,193850,10,"B",2635
1441893723551305,193875,12,"B",2635
1441893723750178,193900,90,"B",2635
1441893723768306,193950,2,"A",2635
1441893724506557,193925,2,"B",2630
1441893724765022,193950,1,"A",2630
1441893724984134,193900,2,"A",2630
1441893725407194,193925,43,"A",2630
1441893726061252,193950,1,"A",2630
1441893726074572,193950,1,"A",2630
1441893726283872,193925,6,"B",2630
1441893726514433,193925,3,"B",2630
1441893727819606,193925,1,"A",2630
1441893728255464,193900,1,"B",2630
1441893731324965,193925,3,"B",2630
1441893733298588,193925,1,"A",2630
1441893736240657,193925,1,"A",2630
1441893737505310,193900,1,"B",2630
1441893738211424,193925,2,"B",2630
1441893740823808,193925,1,"B",2630
1441893741712956,193925,21,"B",2630
1441893743901952,193975,1,"B",2625
1441893743924531,194000,1,"B",2625
1441893744129638,194025,1,"A",2625
1441893744339538,194000,13,"B",2625
1441893744574453,194050,1,"A",2625
1441893744607164,194025,9,"B",2625
1441893745712953,194025,10,"A",2620
1441893746806499,194000,1,"B",2620
1441893747038424,194025,1,"A",2620
1441893747471497,194025,6,"A",2620
1441893747898430,194000,11,"A",2620
1441893747913342,193975,78,"A",2620
1441893749015346,194000,13,"A",2625
1441893749448458,194000,4,"A",2625
1441893750323772,193975,4,"B",2625
1441893752154162,194000,1,"A",2625
1441893752174986,193925,32,"B",2625
1441893753694657,193950,88,"B",2630
1441893755623787,193950,1,"A",2630
1441893756505542,193950,14,"B",2630
1441893757806685,194000,2,"A",2630
1441893759122920,193975,1,"A",2625
1441893759559898,193950,1,"B",2625
1441893760938055,193950,4,"B",2625
1441893761157097,193950,10,"B",2625
1441893762483912,193950,2,"B",2625
1441893763560288,193975,5,"A",2625
1441893764437408,194000,10,"B",2625
1441893765191196,194000,4,"B",2625
1441893766729181,194025,2,"A",2625
1441893768480736,194000,1,"B",2625
1441893769570414,194025,1,"A",2625
1441893769786497,194100,2,"A",2625
1441893770647185,194075,37,"B",2615
1441893770890755,194100,1,"A",2615
1441893771974871,194100,4,"B",2615
1441893771994631,194125,1,"A",2615
1441893772051981,194125,17,"A",2615
1441893772709988,194100,29,"A",2615
1441893773593477,194075,33,"B",2615
1441893774037682,194075,6,"B",2615
1441893774257140,194075,19,"A",2615
1441893775227421,194050,6,"A",2615
1441893775894454,194050,5,"A",2620
1441893776986724,194050,8,"B",2620
1441893778527394,194075,1,"A",2620
1441893779622724,194050,1,"A",2620
1441893782695934,194075,1,"A",2620
1441893783803774,194050,2,"B",2620
1441893784673084,194075,1,"A",2620
1441893785797335,194075,1,"A",2620
1441893786024227,194050,1,"B",2620
1441893786674211,194075,1,"A",2620
1441893787348458,194050,1,"A",2620
1441893787567133,194025,1,"B",2620
1441893788440278,194050,2,"A",2620
1441893789349625,194025,18,"A",2620
1441893789852413,194000,3,"B",2620
1441893790513017,194025,3,"B",2620
1441893791826044,194025,7,"B",2620
1441893792705360,194025,31,"B",2620
1441893793788492,194050,1,"A",2620
1441893794756435,194025,1,"B",2620
1441893796728884,194000,31,"B",2620
1441893797606673,194025,4,"A",2620
1441893798265794,194000,1,"A",2620
1441893799364704,193975,75,"B",2625
1441893801702815,193950,1,"A",2625
1441893802582767,193925,1,"B",2625
1441893803018386,193925,12,"B",2625
1441893803897320,193950,15,"A",2625
1441893805908294,193925,1,"B",2625
1441893806345293,193950,1,"B",2625
1441893807236201,193975,12,"B",2625
1441893809236157,193975,2,"A",2625
1441893810178044,193925,4,"A",2625
1441893811204852,193900,2,"A",2625
1441893812564884,193850,1,"A",2630
1441893813881170,193850,1,"A",2630
1441893814837995,193850,1,"A",2630
1441893815934341,193850,53,"A",2630
1441893816154328,193825,5,"B",2630
1441893816594436,193825,11,"A",2630
1441893817039068,193800,1,"B",2630
1441893817251069,193825,28,"B",2630
1441893818139481,193825,5,"A",2635
1441893818581860,193825,1,"A",2635
1441893818797889,193825,2,"A",2635
1441893819251245,193800,2,"B",2635
1441893819685419,193800,4,"B",2635
1441893820773084,193800,4,"B",2635
1441893820994368,193825,2,"A",2635
1441893821654974,193800,2,"B",2635
1441893822757764,193825,2,"B",2635
1441893824780028,193800,1,"B",2635
1441893825435969,193825,1,"A",2635
1441893826528210,193800,25,"B",2635
1441893827625003,193825,1,"A",2635
1441893828505105,193800,2,"A",2635
1441893829600076,193775,5,"A",2635
1441893830039831,193750,10,"B",2635
1441893830712734,193750,6,"B",2640
1441893831584964,193750,10,"B",2640
1441893832464584,193775,12,"A",2640
1441893834484316,193775,1,"A",2640
1441893834703530,193750,1,"B",2640
1441893835459196,193775,1,"A",2640
1441893836419533,193725,1,"B",2640
1441893836636383,193750,1,"A",2640
1441893836855284,193725,1,"B",2640
1441893836869015,193750,2,"A",2640
1441893837074943,193750,52,"A",2640
1441893838527002,193725,65,"A",2640
1441893838539798,193675,2,"B",2640
1441893838755574,193700,54,"B",2640
1441893839182937,193725,1,"A",2640
1441893839404571,193700,3,"B",2640
1441893839620421,193725,3,"B",2640
1441893839640358,193750,1,"A",2640
1441893840059551,193725,2,"B",2640
1441893840278172,193750,1,"A",2640
1441893840721768,193725,3,"B",2640
1441893841376200,193750,15,"A",2640
1441893842254234,193725,2,"B",2640
1441893842263697,193725,1,"B",2640
1441893843351830,193750,1,"B",2640
1441893844459573,193750,1,"B",2640
1441893844467762,193775,1,"A",2640
1441893844528111,193750,11,"A",2640
1441893846065818,193700,1,"A",2640
1441893846068340,193675,1,"B",2640
1441893846724627,193725,2,"A",2640
1441893847602465,193700,3,"B",2640
1441893848041326,193700,5,"A",2640
1441893848298973,193700,4,"A",2640
1441893849574570,193725,73,"A",2640
1441893850444705,193725,1,"A",2640
1441893851102602,193700,1,"A",2640
1441893851550532,193700,16,"B",2640
1441893851577992,193725,21,"B",2640
1441893852655789,193725,3,"B",2640
1441893853308713,193725,10,"B",2640
1441893853528223,193725,1,"A",2640
1441893853748099,193700,23,"B",2640
1441893853910616,193600,1,"B",2640
1441893854121381,193600,3,"B",2640
1441893854342993,193625,13,"B",2640
1441893854567835,193650,1,"A",2645
1441893854800738,193625,1,"B",2645
1441893855007924,193650,2,"B",2645
1441893855228101,193675,1,"A",2645
1441893855448264,193650,1,"B",2645
1441893856416770,193675,1,"A",2645
1441893856635357,193650,1,"B",2645
1441893856852146,193675,1,"A",2645
1441893856856159,193650,1,"B",2645
1441893857950107,193675,1,"B",2645
1441893859048291,193700,3,"B",2645
1441893859516353,193725,1,"A",2645
1441893859711174,193700,1,"B",2645
1441893859928653,193725,2,"A",2645
1441893859944410,193700,2,"B",2645
1441893860592562,193725,2,"A",2640
1441893861028613,193700,66,"B",2640
1441893861690584,193725,1,"A",2640
1441893862561350,193700,2,"B",2640
1441893862771639,193725,5,"A",2640
1441893863011916,193725,2,"A",2640
1441893864324595,193700,4,"A",2640
1441893865484623,193675,1,"B",2640
1441893865703818,193675,10,"B",2640
1441893866142638,193700,2,"A",2640
1441893866613375,193675,4,"A",2640
1441893869229197,193650,1,"B",2640
1441893871210031,193650,9,"A",2640
1441893871738098,193625,1,"B",2640
1441893872178953,193650,1,"A",2640
1441893872412035,193625,2,"B",2640
1441893873718165,193625,9,"B",2640
1441893874603280,193650,25,"B",2640
1441893875087053,193650,1,"B",2635
1441893875538275,193675,7,"A",2635
1441893876625561,193675,17,"A",2635
1441893877741498,193675,1,"A",2635
1441893878839246,193675,62,"B",2635
1441893880591027,193675,2,"B",2635
1441893881690959,193675,1,"A",2635
1441893882784539,193650,1,"B",2635
1441893883004024,193675,1,"A",2635
1441893883453082,193650,2,"B",2630
1441893883671833,193675,6,"A",2630
1441893885508346,193650,1,"B",2630
1441893885954090,193675,9,"A",2630
1441893887045524,193675,46,"B",2630
1441893887271715,193700,67,"B",2630
1441893888796289,193725,1,"A",2625
1441893889441831,193725,1,"A",2625
1441893889881737,193700,1,"B",2625
1441893889884687,193725,1,"A",2625
1441893890106952,193700,1,"B",2625
1441893891419487,193725,1,"A",2625
1441893891855283,193700,1,"B",2625
1441893892089353,193725,1,"B",2625
1441893893171984,193750,1,"A",2625
1441893894487991,193725,4,"A",2625
1441893895443915,193725,34,"A",2625
1441893897857264,193725,6,"B",2625
1441893900044348,193750,3,"B",2625
1441893900919286,193750,26,"A",2625
1441893901579645,193750,3,"B",2625
1441893901604421,193750,10,"B",2625
1441893902895506,193750,49,"A",2625
1441893903051116,193825,1,"A",2625
1441893904130589,193825,1,"A",2620
1441893905480413,193825,5,"A",2620
1441893905930647,193800,61,"B",2620
1441893906139757,193825,1,"A",2620
1441893906797788,193825,2,"A",2620
1441893907020709,193800,1,"B",2620
1441893907454641,193800,2,"B",2620
1441893908343749,193825,8,"B",2620
1441893910548663,193825,1,"A",2620
1441893910984755,193850,2,"A",2620
1441893911867337,193825,17,"A",2620
1441893912741129,193825,67,"A",2620
1441893913836763,193825,3,"A",2620
1441893914278584,193850,1,"A",2615
1441893914981789,193825,1,"B",2615
1441893916080906,193850,18,"B",2620
1441893917397211,193900,1,"A",2620
1441893917616820,193875,1,"B",2620
1441893918057733,193900,2,"A",2615
1441893918275330,193875,9,"A",2615
1441893919603051,193875,2,"A",2615
1441893920699278,193875,2,"B",2615
1441893921301681,193900,1,"B",2615
1441893921720874,193925,1,"A",2615
1441893921722478,193925,12,"A",2615
1441893921954307,193900,12,"A",2615
1441893922160971,193875,2,"B",2615
1441893923919391,193900,2,"A",2600
1441893925693210,193875,3,"B",2600
1441893925707072,193900,3,"A",2600
1441893925912980,193900,52,"A",2600
1441893927229430,193900,1,"A",2600
1441893929424297,193900,13,"A",2595
1441893930741639,193875,8,"B",2595
1441893931296115,193900,1,"A",2595
1441893933115363,193900,1,"A",2595
1441893934003826,193875,2,"A",2595
1441893934226969,193850,1,"B",2600
1441893934443765,193875,2,"A",2600
1441893935589208,193875,16,"A",2600
1441893936694074,193850,1,"B",2600
1441893937573172,193875,29,"B",2600
1441893938669073,193900,1,"B",2600
1441893939548521,193950,1,"A",2595
1441893939854011,193950,2,"A",2595
1441893939863434,193925,1,"B",2595
1441893940731916,193925,2,"B",2595
1441893942267171,193950,2,"A",2595
1441893942487932,193975,1,"A",2595
1441893942929402,193975,2,"A",2595
1441893943591602,193950,42,"B",2595
1441893945650419,193950,2,"A",2600
1441893946529701,193950,32,"B",2600
1441893946748611,193925,1,"B",2600
1441893947625257,193950,1,"A",2600
1441893950259025,193950,1,"A",2600
1441893950697458,193925,15,"A",2600
1441893952290511,193900,1,"B",2600
1441893953169763,193925,1,"A",2600
1441893953411479,193900,19,"B",2600
1441893954049786,193925,1,"A",2600
1441893954798351,193900,1,"B",2600
1441893955958677,193900,3,"B",2600
1441893956396924,193925,4,"A",2600
1441893957043799,193900,1,"B",2600
1441893957509589,193925,1,"B",2600
1441893957947456,193900,20,"B",2600
1441893959499069,193900,1,"B",2600
1441893961891789,193875,1,"B",2600
1441893962343772,193900,4,"A",2600
1441893963867209,193875,1,"A",2600
1441893964833847,193875,12,"B",2600
1441893965053367,193900,1,"A",2600
1441893966608715,193900,32,"A",2600
1441893966618433,193900,42,"B",2600
1441893967912093,193900,1,"B",2600
1441893968569538,193925,6,"A",2600
1441893968791582,193900,11,"B",2600
1441893969455392,193925,48,"B",2600
1441893971646193,193950,15,"B",2600
1441893971863073,194000,1,"A",2600
1441893972527234,193975,10,"B",2600
1441893975212992,194025,8,"A",2600
1441893975687904,194000,44,"B",2600
1441893976968760,194025,1,"A",2600
1441893977847097,194050,1,"A",2600
1441893978520049,194050,17,"A",2600
1441893979833031,194050,1,"A",2595
1441893980272214,194025,1,"B",2595
1441893980707845,194050,4,"B",2595
1441893980865294,194075,1,"A",2595
1441893981938429,194100,3,"A",2590
1441893982598754,194075,7,"A",2595
1441893985524868,194050,7,"A",2595
1441893987058493,194025,1,"A",2595
1441893987283949,194050,1,"A",2595
1441893987496415,194025,1,"B",2595
1441893988596886,194075,1,"A",2595
1441893989700015,194050,1,"A",2595
1441893991297491,194025,7,"B",2595
1441893992392124,194025,1,"B",2595
1441893994374470,194050,39,"B",2595
1441893996209530,194050,1,"B",2595
1441893996649808,194025,1,"B",2595
1441893996682078,194050,3,"B",2595
1441893997747710,194050,1,"A",2595
1441893998407556,194050,58,"A",2595
1441893999503777,194025,51,"A",2595
1441894001038360,194000,1,"B",2595
1441894001711907,194000,3,"B",2595
1441894003680062,194025,1,"A",2595
1441894005276391,194000,2,"B",2595
1441894005722857,194000,3,"B",2595
1441894006691969,194000,10,"B",2595
1441894008888655,194025,2,"A",2595
1441894009769430,194025,4,"A",2595
1441894011092687,194000,1,"B",2595
1441894012189902,194000,14,"A",2595
1441894012410616,193975,1,"A",2595
1441894013318377,193950,2,"A",2600
1441894014394871,193950,40,"A",2600
1441894015521697,193925,1,"A",2600
1441894016179077,193900,8,"B",2600
1441894017041590,193925,20,"B",2605
1441894018164505,193925,3,"A",2605
1441894019251706,193925,1,"A",2605
1441894019510001,193925,46,"B",2605
1441894020878026,193925,1,"B",2605
1441894022411368,193900,1,"B",2605
1441894022623537,193925,5,"B",2605
1441894024161624,193900,1,"B",2605
1441894025461679,193875,2,"B",2605
1441894025670466,193875,25,"B",2605
1441894026762162,193875,1,"B",2605
1441894026999109,193900,1,"B",2605
1441894028078909,193900,2,"B",2605
1441894029623522,193900,1,"B",2605
1441894031381831,193925,1,"A",2605
1441894032479158,193925,1,"A",2605
1441894034442524,193900,22,"A",2605
1441894035810019,193875,1,"B",2605
1441894036069452,193875,2,"A",2605
1441894036696291,193850,2,"B",2605
1441894038671387,193875,1,"A",2605
1441894040220953,193900,1,"A",2605
1441894040876160,193875,25,"B",2605
1441894041976020,193850,5,"B",2605
1441894043071640,193875,16,"B",2600
1441894044871086,193900,2,"A",2600
1441894046846403,193925,17,"B",2600
1441894047508860,193950,1,"A",2600
1441894047527891,193925,2,"B",2600
1441894048609599,193950,1,"A",2600
1441894050582615,193925,5,"B",2600
1441894051240692,193950,7,"A",2600
1441894052022698,193950,13,"B",2600
1441894053115978,193925,6,"B",2600
1441894054003696,193925,51,"A",2600
1441894055978747,193900,8,"A",2600
1441894056635420,193900,58,"A",2600
1441894057949462,193900,2,"A",2600
1441894059046078,193900,2,"A",2600
1441894059265800,193900,1,"A",2600
1441894060155431,193875,1,"A",2600
1441894060594268,193875,1,"A",2600
1441894061242491,193850,1,"B",2600
1441894061461419,193850,4,"B",2600
1441894061471572,193875,4,"A",2600
1441894062767838,193850,1,"B",2600
1441894062789159,193875,27,"B",2600
1441894064302479,193875,2,"B",2600
1441894066132343,193900,31,"B",2600
1441894068324631,193900,6,"A",2600
1441894069444870,193900,2,"A",2600
1441894070527807,193875,26,"A",2600
1441894072502470,193875,9,"B",2600
1441894073406245,193875,16,"B",2600
1441894074488301,193850,1,"A",2600
1441894077405093,193875,4,"B",2600
1441894077843306,193875,53,"B",2600
1441894078512618,193875,3,"B",2600
1441894079168482,193900,9,"B",2605
1441894079617077,193925,1,"A",2605
1441894080703847,193900,2,"B",2605
1441894082709670,193900,4,"A",2605
1441894084688994,193900,1,"A",2605
1441894086228031,193875,1,"B",2605
1441894086885337,193900,1,"B",2605
1441894087763577,193925,1,"A",2605
1441894087995155,193900,30,"B",2605
1441894089304542,193925,26,"A",2600
1441894090400638,193925,14,"B",2600
1441894091061105,193925,1,"B",2600
1441894092157199,193950,2,"A",2600
1441894093254061,193975,1,"A",2600
1441894094834940,193950,23,"B",2600
1441894097052685,193975,1,"B",2600
1441894097793932,194025,1,"B",2600
1441894098012963,194050,1,"A",2600
1441894098448070,194050,1,"A",2595
1441894099853540,194075,1,"A",2595
1441894101039046,194050,3,"B",2595
1441894103018438,194050,10,"A",2595
1441894103487432,194025,25,"A",2595
1441894106191279,194000,15,"A",2595
1441894107073218,194000,23,"A",2595
1441894109708050,193975,3,"B",2595
1441894111300137,194000,2,"A",2595
1441894112401446,194000,5,"B",2595
1441894113281458,193975,1,"B",2595
1441894114377487,194000,2,"A",2595
1441894115123071,194025,2,"A",2595
1441894116443498,194000,1,"B",2595
1441894116891177,194000,59,"B",2595
1441894118223326,194025,1,"A",2595
1441894120188633,194000,1,"A",2595
1441894121728318,193975,4,"B",2600
1441894121949056,194000,1,"A",2600
1441894122606877,193950,1,"A",2600
1441894123332050,193925,1,"B",2600
1441894124937747,193875,1,"B",2600
1441894127149615,193900,21,"B",2600
1441894128238938,193925,2,"A",2600
1441894128898204,193950,1,"A",2600
1441894129992381,193925,1,"A",2600
1441894130235630,193900,1,"A",2600
1441894130868468,193875,10,"B",2600
1441894132189105,193900,2,"A",2600
1441894133950211,193875,1,"A",2600
1441894135085527,193850,1,"B",2600
1441894136182604,193850,6,"A",2600
1441894137059769,193800,1,"B",2605
1441894137937732,193825,4,"A",2610
1441894139262726,193825,1,"A",2610
1441894140144569,193800,6,"B",2610
1441894141241416,193825,5,"A",2610
1441894141895393,193800,1,"A",2610
1441894142343369,193775,1,"B",2610
1441894143441966,193800,31,"B",2610
1441894144548509,193800,26,"A",2610
1441894146557949,193800,2,"B",2610
1441894146795770,193825,1,"A",2610
1441894148315391,193825,30,"B",2610
1441894150079907,193800,21,"B",2615
1441894150298917,193800,24,"B",2615
1441894151399563,193825,4,"B",2615
1441894152485017,193825,26,"B",2610
1441894153576223,193850,4,"A",2610
1441894154675607,193850,29,"B",2610
1441894156661320,193850,17,"A",2605
1441894157758219,193825,20,"B",2605
1441894158198145,193850,1,"A",2605
1441894158861366,193825,4,"A",2605
1441894159943589,193825,10,"A",2605
1441894161919390,193825,2,"A",2605
1441894162137200,193825,7,"A",2605
1441894165295769,193825,1,"A",2605
1441894168381952,193875,2,"A",2605
1441894169700380,193900,1,"A",2605
1441894171742797,193900,2,"A",2605
1441894172975358,193875,10,"A",2605
1441894173646141,193875,19,"A",2605
1441894174540726,193850,22,"A",2605
1441894175219945,193825,2,"A",2605
1441894176536442,193825,1,"A",2605
1441894176757170,193825,40,"A",2605
1441894178299613,193800,1,"B",2605
1441894178742493,193825,9,"B",2605
1441894180724711,193850,1,"B",2605
1441894181816267,193825,1,"B",2605
1441894183578506,193850,1,"B",2605
